3144 5114
1677 514 1765 584 16

544 743 625 802 ut
680 727 907 825 ipsius
961 728 1188 800 verba
1239 726 1554 812 laudem,
1620 724 2178 823 «das-religiose
2216 724 2659 800 Bewustsein
2690 724 2882 799 nicht

545 854 753 927 mehr
825 853 966 926 den
1024 853 1260 925 Mond
1316 853 1468 925 und
1526 851 1647 925 die
1703 851 1963 924 Sterne
2018 851 2171 924 und
2228 850 2347 924 die
2402 852 2671 938 Sonne,
2725 877 2880 925 son-

544 979 723 1052 dern
770 977 947 1076 jetzt
1001 977 1204 1050 ihren
1259 988 1719 1075 gesammten
1779 975 2151 1074 Inbegriff,
2206 977 2340 1050 das
2392 1002 2629 1074 ganze
2678 976 2879 1050 Him-

545 1104 1079 1202 melsgewolbe,
1157 1104 1300 1176 den
1377 1102 1708 1176 Himmel
1778 1103 2003 1176 selbst
2057 1102 2163 1175 als
2216 1102 2522 1176 hochste
2578 1103 2640 1174 F
2640 1102 2879 1188 etisch,

544 1230 649 1303 als
703 1229 902 1304 seine
954 1228 1261 1302 hochste
1316 1227 1649 1303 Gottheit
1702 1228 2155 1302 betrachtet»
2193 1223 2262 1326 1).

651 1355 892 1428 Etiam
950 1381 1039 1428 ex
1094 1354 1197 1441 iis,
1254 1380 1445 1449 quae
1499 1354 1595 1428 de
1651 1356 2161 1426 Romanorum
2219 1352 2358 1426 diis
2406 1352 2480 1424 in
2512 1352 2879 1425 montibus

542 1480 752 1554 cultis
798 1479 1232 1553 tradidimus
1251 1476 1320 1580 ²),
1359 1489 1663 1576 apparet
1707 1479 2144 1575 praecipuos
2198 1477 2710 1551 huiuscemodi
2740 1477 2881 1550 031-

541 1620 658 1679 tus
714 1607 809 1678 ad
863 1631 990 1680 eos
1045 1605 1407 1701 pertinere
1462 1606 1664 1691 deOS,
1719 1603 1844 1701 qui
1902 1604 1972 1676 in
2031 1604 2239 1677 coelo
2305 1629 2616 1701 regnum
2665 1629 2878 1677 suum

539 1731 942 1804 habuerint.
1001 1733 1200 1804 Nam
1257 1744 1545 1827 praeter
1600 1732 1849 1802 Iovem
1908 1729 2148 1825 ipsum
2206 1742 2278 1802 et
2316 1729 2634 1802 Dianam
2667 1729 2876 1801 deam

540 1857 889 1943 lunarem,
945 1856 1162 1929 etiam
1222 1857 1609 1942 Soranum,
1666 1880 1886 1950 quem
1918 1855 2140 1927 deum
2181 1854 2252 1926 in
2293 1868 2543 1928 monte
2572 1855 2875 1928 Soracte

542 1982 817 2055 cultum
874 1981 1096 2055 fuisse
1149 2007 1373 2078 supra
1401 1979 2145 2057 commemoravimus
2172 1975 2243 2079 3),
2272 1978 2343 2050 in
2383 2004 2690 2052 numero
2722 2004 2879 2051 coe-

540 2107 919 2180 licolarum
977 2107 1358 2179 numinum
1414 2089 1838 2179 habendum
1896 2130 2072 2191 esse,
2127 2105 2283 2179 sine
2339 2105 2488 2178 ulla
2543 2103 2878 2178 dubitati-

542 2257 683 2305 one
773 2232 1289 2305 affirmaverim
1372 2245 1541 2328 post
1623 2257 1728 2317 ea,
1810 2256 2001 2325 quae
2084 2230 2528 2303 Mannhardt
2610 2229 2877 2303 Preller

544 2360 848 2444 Usener,
930 2357 1063 2430 viri
1149 2383 1463 2454 magnae
1543 2382 1719 2430 sane
1801 2355 2271 2442 auctoritatis,
2354 2355 2448 2428 de
2530 2355 2652 2427 illo
2737 2355 2875 2457 deo

539 2482 811 2578 scripto
843 2483 1373 2555 mandaverunt
1398 2478 1467 2582 4).
1498 2483 1954 2555 Graecorum
1986 2480 2303 2576 denique
2331 2478 2876 2577 superstitiones

539 2608 610 2680 in
639 2608 1112 2704 sequentibus
1169 2607 1328 2681 fuse
1383 2621 1605 2703 atque
1643 2607 1943 2703 copiose
1970 2620 2500 2704 pertractaturo
2530 2606 2673 2678 hoc
2712 2605 2874 2677 loco

538 2733 822 2806 silentio
878 2732 1274 2829 praeterire
1340 2732 1513 2805 mihi
1570 2732 1833 2806 licebit.

646 2860 920 2945 Restat,
994 2872 1074 2930 ut
1127 2857 1383 2954 paucis
1439 2858 1789 2953 exemplis
1846 2860 2362 2942 demonstrem,
2419 2855 2636 2928 etiam
2678 2854 2874 2949 apud

536 2985 853 3082 populos
911 2983 1300 3058 Semiticos
1358 2982 1582 3056 moris
1639 2982 1860 3056 fuisse
1915 3008 2043 3055 eos
2098 2982 2494 3078 praecipue
2522 2981 2721 3067 deos,
2749 2977 2874 3075 qui

537 3110 608 3181 in
686 3109 893 3182 coelo
970 3122 1374 3205 regnarent,
1449 3107 1519 3209 in
1594 3108 1775 3181 10015
1848 3107 2061 3180 editis
2117 3107 2374 3180 colere.
2448 3105 2616 3198 Qua
2671 3106 2743 3177 in
2801 3130 2876 3177 re

536 3234 886 3330 primario
941 3233 1107 3306 1000
1165 3233 1568 3306 Phoenices
1625 3232 2052 3305 nominandi
2095 3246 2292 3329 sunt.
2351 3230 2455 3303 Hi
2494 3230 2687 3303 enim
2728 3229 2875 3303 fere

539 3359 880 3432 omnibus
937 3359 1008 3431 in
1064 3358 1213 3432 5315
1271 3358 1643 3433 montibus
1699 3360 1841 3431 deo
1900 3358 2094 3443 Β331,
2150 3357 2268 3430 031
2326 3355 2510 3429 00011
2548 3353 2872 3453 regimen

537 3498 692 3557 erat
745 3484 1117 3571 tributum,
1172 3509 1381 3558 sacra
1436 3484 1817 3557 faciebant.
1875 3485 1996 3555 De
2051 3482 2259 3555 cuius
2297 3481 2415 3555 dei
2455 3481 2655 3554 cultu
2693 3481 2871 3553 haec

536 3610 851 3707 legimus
907 3610 1106 3705 apud
1164 3609 1564 3705 Chantepie
1621 3609 1715 3682 de
1769 3609 1840 3681 13
1895 3609 2262 3705 Saussaye
2289 3604 2374 3707 ⁵):
2441 3606 2658 3680 «Sein
2702 3604 2874 3679 Hei-

536 3735 848 3832 ligthum
905 3734 1083 3808 wird
1137 3761 1320 3831 gern
1378 3734 1504 3807 auf
1559 3733 2080 3831 Bergeshohen
2129 3735 2406 3819 erbaut,
2434 3732 2626 3805 denn
2670 3756 2749 3804 er
2786 3730 2874 3803 ist

615 3943 659 4002 1)
698 3941 782 3988 Fr.
821 3939 1069 3997 Schultze,
1106 3939 1325 3991 Fetisch.
1369 3939 1486 4000 276.
1635 3940 1687 4003 2)
1726 3939 1805 3987 Cf.
1844 3955 1930 4003 pp.
1972 3938 2000 3987 8
2041 3954 2149 4002 sqq.
2297 3941 2348 4001 3)
2385 3938 2467 3989 Cf.
2504 3955 2555 4003 p.
2600 3950 2680 3988 10.

608 4030 665 4092 4)
702 4028 932 4086 Mannh„
989 4029 1172 4077 Wald-
1228 4045 1276 4077 3.
1333 4027 1512 4079 Feldk.
1568 4029 1624 4076 H
1663 4040 1762 4093 327
1821 4044 1895 4092 sq.
1952 4028 2117 4085 Preu„
2176 4029 2247 4075 R.
2286 4029 2361 4075 M.
2385 4029 2423 4078 ⁸.
2462 4025 2564 4090 368
2603 4043 2676 4090 sq.
2714 4024 2871 4075 Usen.

537 4119 783 4176 Gottern„
827 4131 945 4167 202.
2465 4180 2472 4188 ι

607 4208 869 4258 Vocabula
911 4204 1212 4267 „Soranus”,
1255 4207 1539 4270 „Soracte”‚
1584 4206 1735 4266 „Sol”
1774 4223 1924 4255 unam
1962 4208 2270 4270 eandemque
2309 4207 2512 4272 stirpem
2559 4217 2872 4254 communem

536 4296 719 4347 habere
752 4298 856 4347 veri
892 4296 1200 4346 simillimum
1239 4304 1328 4345 est.

610 4389 659 4451 5)
695 4387 942 4451 Chantep.
982 4388 1032 4435 d.
1071 4387 1104 4437 l.
1143 4389 1327 4444 Sauss.,
1366 4386 1549 4435 Lehrb.
1590 4387 1640 4433 d.
1679 4385 1850 4448 Relig.
1890 4386 2055 4448 gesch.
2097 4388 2124 4434 Ι
2165 4398 2284 4448 232.
