3144 5114
22 4323 25 4414 l

22 4427 25 4506 l

1369 517 1469 584 49

360 707 714 780 Videmus
772 706 1008 804 igitur,
1064 720 1351 803 praeter
1386 706 1807 780 Thessaliae
1838 708 2161 781 montem
2191 708 2596 803 permultos

251 833 424 906 alios
484 832 789 930 Olympi
845 831 1141 906 nomine
1189 845 1650 930 nuncupatos
1680 832 1920 906 fuisse.
1979 835 2248 928 Neque
2279 833 2593 907 Homeri

253 957 570 1031 carmina
652 957 921 1031 indicia
975 960 1070 1032 de
1135 959 1463 1055 Olympo
1535 958 1748 1031 nobis
1803 960 2173 1054 praebent,
2229 985 2271 1032 e
2326 959 2594 1054 quibus

248 1108 377 1179 pro
460 1097 661 1157 certo
746 1083 1095 1181 colligere
1176 1084 1362 1170 licet,
1445 1083 1646 1156 illum
1707 1098 2031 1157 montem
2089 1083 2160 1156 in
2218 1084 2596 1158 Thessalia

247 1207 459 1281 situm
519 1208 759 1282 fuisse.
792 1210 992 1281 Nam
1022 1208 1327 1281 huiusce
1357 1208 1459 1281 rei
1490 1209 1936 1281 documento
1966 1234 2126 1282 esse
2155 1235 2301 1282 non
2333 1223 2592 1306 potest,

246 1334 446 1428 quod
495 1342 673 1423 ‘⁷'an
721 1346 793 1406 et
839 1342 1119 1423 Ἑρμείας
1166 1333 1459 1405 duobus
1511 1333 1824 1406 Homeri
1878 1333 2059 1406 locis
2116 1332 2197 1431 (Ξ
2255 1340 2402 1407 226
2435 1360 2592 1430 sqq.

242 1472 309 1530 et
372 1492 397 1528 ε
465 1459 640 1556 350)
698 1459 792 1530 ab
856 1457 1183 1554 Olympo
1250 1458 1775 1532 descendentes
1830 1484 1963 1554 per
2020 1458 2335 1532 Pieriam
2395 1459 2589 1533 viam

244 1581 497 1656 fecisse
554 1582 896 1655 dicuntur
930 1579 1000 1680 1).
1059 1582 1301 1655 Facile
1356 1583 1548 1655 enim
1609 1583 2094 1681 intellegimus
2162 1584 2591 1681 rhapsodos‚

243 1707 364 1802 qui
438 1733 618 1804 prae
693 1707 949 1780 ceteris
1024 1707 1379 1782 Graeciae
1426 1708 1852 1805 regionibus
1906 1709 2360 1783 Thessaliam
2414 1735 2592 1809 cog-

181 1816 185 1820 ·
243 1831 464 1905 nitam
522 1832 892 1918 haberent,
950 1831 1021 1904 in
1078 1832 1577 1906 describendis
1632 1833 1812 1906 locis
1868 1833 2006 1907 sibi
2067 1833 2355 1930 ignotis,
2384 1860 2589 1931 prae-

242 1957 456 2054 cipue
503 1984 594 2031 ex
622 1957 999 2031 Thessalia
1027 1959 1361 2053 exempla
1388 1957 1526 2031 sibi
1555 1958 2003 2055 expetivisse.
2034 1961 2418 2033 Praeterea
2445 1960 2588 2034 hoc

241 2109 540 2178 quoque
596 2108 730 2156 nos
762 2097 1027 2169 monet,
1047 2109 1138 2156 ne
1167 2083 1350 2157 falso
1379 2084 1872 2179 perducemur
1901 2086 1996 2157 ad
2025 2084 2585 2159 existimandum

242 2207 650 2305 Olympum
710 2208 1198 2281 Homericum
1255 2208 1676 2282 Thessaliae
1732 2209 1954 2283 fuisse
2012 2222 2354 2296 montem,
2383 2212 2587 2305 quod

240 2331 518 2428 pristini
575 2332 958 2406 cuiusdam
1006 2344 1149 2415 Διός
1197 2332 1434 2406 cultus
1490 2333 1560 2405 in
1617 2333 1760 2407 hoc
1818 2347 2066 2408 monte
2119 2334 2430 2432 vestigia
2473 2361 2588 2409 su-

241 2472 540 2552 persunt
622 2458 836 2530 nulla.
921 2459 1236 2532 Saeculo
1321 2459 1622 2531 demum
1705 2459 1916 2533 tertio
2000 2474 2169 2557 post
2235 2460 2584 2533 christum

240 2599 488 2658 natum
548 2584 844 2658 Solinus
909 2581 960 2683 2)
1046 2584 1489 2658 mentionem
1577 2584 1743 2659 fecit
1826 2612 1995 2659 arae
2069 2586 2139 2658 in
2202 2586 2584 2659 cacumine

240 2710 505 2783 montis
580 2710 884 2808 Olympi
932 2720 1033 2780 Διί
1079 2723 1563 2783 consecratae.
1647 2711 1934 2804 Quibus
1991 2712 2084 2784 de
2141 2692 2379 2785 causis
2436 2737 2585 2784 non

235 2834 622 2909 verisimile
677 2836 873 2909 duco
932 2836 1260 2909 Graecos
1317 2835 1460 2908 iam
1520 2835 1690 2908 inde
1744 2862 1789 2909 a
1843 2835 2100 2931 priscis
2128 2836 2585 2931 temporibus

236 2959 655 3035 Thessaliae
695 2974 1017 3034 montem
1049 2961 1455 3058 Olympum
1485 2975 1863 3056 tamquam
1895 2975 2219 3033 montem
2252 2961 2580 3034 divinum

235 3084 583 3171 coluisse;
641 3085 869 3158 immo
924 3085 1170 3182 potius
1227 3085 1663 3159 crediderim
1721 3111 1849 3159 eos
1895 3085 2094 3159 haud
2123 3086 2330 3159 aliter
2357 3112 2580 3181 quam

234 3210 456 3283 Indos
540 3212 948 3305 Persasque
1027 3210 1170 3283 hoc
1255 3235 1688 3306 persuasum
1770 3210 2133 3297 habuisse,
2207 3236 2577 3283 summum

232 3333 453 3407 deum
510 3334 842 3408 habitare
898 3335 969 3407 in
1029 3348 1274 3407 monte
1329 3337 1657 3430 quodam
1716 3335 2085 3422 altissimO,
2141 3337 2338 3409 unde
2377 3361 2579 3408 mun-

232 3458 410 3554 dum
496 3474 799 3557 regeret.
883 3459 1028 3552 Qui
1112 3484 1323 3533 mons
1407 3485 1552 3532 non
1629 3460 1765 3533 nisi
1821 3460 1892 3532 in
1951 3460 2220 3557 mythis
2278 3461 2575 3556 quidem

230 3585 578 3671 exstabat,
633 3598 890 3681 postea
943 3598 1187 3657 tamen
1244 3611 1289 3657 a
1343 3584 1708 3681 plerisque
1763 3585 2074 3682 populiS,
2129 3585 2405 3681 quippe
2449 3585 2577 3680 qui

303 3824 354 3893 1)
394 3828 586 3875 Versus
624 3826 934 3875 obscuriores
972 3826 1231 3889 Odysseae
1266 3826 1322 3889 (λ
1349 3836 1448 3889 315
1477 3827 1594 3890 sq.),
1617 3827 1703 3874 ubi
1720 3836 1918 3875 montes
1938 3828 2069 3875 Ossa
2088 3834 2138 3875 et
2157 3826 2333 3874 Pelion
2355 3826 2576 3891 Olympo

227 3919 452 3984 impositi
489 3935 598 3968 esse
635 3920 881 3978 dicuntur,
920 3920 1056 3968 haud
1093 3919 1245 3967 dubie
1283 3920 1483 3968 insiticii
1520 3928 1651 3978 sunt,
1679 3936 1828 3983 quam
1854 3920 1920 3968 ob
1946 3936 2048 3969 rem
2076 3936 2250 3984 pamm
2275 3917 2374 3967 huc
2393 3919 2574 3967 valent.

301 4011 349 4069 2)
387 4009 610 4067 Solinus,
650 4009 778 4059 Coll.
816 4024 910 4059 rer.
947 4024 1096 4058 mern.
1136 4009 1273 4058 VIII
1311 4007 1361 4058 6.
1884 3997 1889 4004 ⁸

293 4099 467 4147 Etiam
542 4098 722 4146 nostris
796 4098 972 4146 diebus
1047 4097 1337 4146 Thessaliae
1414 4098 1677 4161 indigenae
1739 4107 1963 4147 montem
2035 4098 2311 4163 Olympum
2378 4113 2572 4146 sacrum

214 4184 412 4235 'habent
450 4191 705 4250 variasque
743 4195 941 4235 narrant
976 4186 1169 4234 fabulas
1207 4187 1271 4234 de
1307 4187 1451 4250 regiis
1489 4188 1776 4235 marmoreis
1815 4188 1866 4235 in
1903 4188 2108 4235 summis
2146 4186 2412 4235 verticibus
2438 4186 2571 4235 aedi-

226 4273 411 4334 ficatis;
451 4277 718 4340 quotannis
761 4275 994 4324 monachi
1032 4275 1189 4324 sancti
1226 4275 1459 4339 Dionysii
1476 4291 1716 4340 pompam
1735 4281 2025 4325 nocturnam
2044 4276 2229 4325 ducunt
2248 4277 2299 4323 in
2320 4291 2570 4325 summum

224 4375 474 4414 montem.
515 4366 594 4414 Cf.
635 4366 861 4429 Heuzey,
901 4363 945 4411 le
984 4372 1132 4412 mont
1168 4363 1372 4430 Olymp.
1410 4375 1460 4414 et
1494 4364 1715 4413 l’Acarn.
1761 4361 1874 4428 138.

2301 4489 2347 4556 4
