3144 5114
1509 500 1606 566 68

489 711 873 782 Postremo
965 707 1131 780 loco
1225 707 1451 805 digna
1532 720 1659 794 est,
1742 731 1930 802 quae
2011 706 2232 803 paulo
2316 704 2545 779 fusius
2608 705 2741 779 hic

379 847 859 930 pertractetur
932 843 1346 925 Βριτόμαρτις
1421 834 1578 906 dea.
1666 833 1865 905 Nam
1933 831 2113 905 haec
2171 856 2469 927 quoque
2525 844 2597 904 et
2658 831 2736 904 in

378 959 678 1033 excelsis
750 958 931 1032 locis
1005 959 1380 1032 colebatur
1453 971 1525 1031 et
1591 957 2022 1054 plerumque
2078 958 2277 1053 apud
2333 956 2736 1053 scriptores

376 1097 655 1158 veteres
738 1110 884 1157 una
938 1108 1106 1157 curn
1164 1082 1565 1170 Artemide,
1624 1107 1940 1178 quacum
2000 1081 2293 1178 saepius
2351 1081 2736 1154 confundi—

376 1221 510 1296 tur,
587 1222 1227 1283 commemoratur.
1300 1211 1582 1282 Tamen
1657 1209 1848 1280 bene
1904 1204 2506 1303 distinguendum
2564 1231 2733 1279 esse

376 1349 768 1430 utrumque
815 1360 1085 1407 numen
1132 1333 1377 1430 plures
1424 1346 1760 1406 auctores
1818 1344 2132 1404 monent.
2180 1332 2409 1427 Apud
2440 1329 2729 1404 Diodo—

377 1486 544 1533 rum
604 1459 933 1533 Siculum
993 1485 1051 1532 e.
1105 1484 1177 1555 g.
1233 1458 1415 1532 haec
1472 1457 1786 1555 legimus
1841 1457 1933 1558 (V
1997 1457 2155 1556 76):

467 1586 890 1670 Βριτόμαρτιν
952 1583 1014 1646 δὲ
1080 1589 1192 1667 τὴν
1258 1582 1859 1666 προσαγορευομένην
1923 1584 2272 1646 Δίκτυνναν
2297 1628 2558 1642 .......
2625 1586 2729 1642 καὶ

377 1699 490 1769 τὰς
537 1697 646 1777 μὲν
693 1694 1009 1780 διατριβὰς
1058 1696 1437 1777 ποιήσασθαι
1485 1697 1642 1774 μετὰ
1691 1705 1798 1775 τῆς
1845 1689 2228 1774 Ἀρτέμιδος,
2269 1690 2375 1770 ἁφ’
2418 1687 2486 1772 ἧς
2524 1691 2731 1762 αἰτίας

377 1813 568 1884 ἐνίους
637 1809 831 1875 δοκεῖν
897 1816 1010 1894 τὴν
1055 1815 1255 1893 αὐτὴν
1301 1805 1450 1873 εἶναι
1502 1810 1851 1873 Δίκτυννάν
1898 1834 1962 1871 τε
2011 1814 2110 1872 καὶ
2160 1808 2486 1890 ”Αρτεμιν.
2556 1800 2631 1872 N
2639 1824 2726 1872 ec

375 1954 521 2001 non
595 1928 996 2002 Pausanias
1051 1926 1142 2027 (ΙΙ
1205 1927 1401 2025 3o,3)
1460 1925 1955 1999 Britomartim
2011 1925 2415 1999 Artemidis
2470 1924 2730 1997 famili—

375 2080 573 2127 arem
649 2066 1024 2150 nuncupat
1096 2065 1176 2125 et
1235 2051 1408 2125 alibi
1465 2050 1593 2148 (III
1664 2054 1851 2148 14‚2>
1908 2051 2123 2124 aliam
2181 2076 2339 2124 esse
2395 2058 2730 2139 ”Αρτεμιν,

373 2179 588 2253 aliam
652 2189 1089 2271 Βριτόμαρτιν,
1136 2177 1421 2251 disertis
1466 2176 1710 2249 verbis
1757 2189 2158 2249 asseverat:
2226 2180 2724 2263 Ἐπονομάζουσι

377 2303 440 2366 δὲ
513 2308 712 2387 αὐτὴν
780 2309 879 2367 καὶ
949 2305 1287 2384 Λιμναίαν,
1355 2296 1547 2364 οὖσαν
1608 2304 1717 2363 οὐκ
1782 2301 2111 2383 ”Αρτεμιν,
2177 2301 2597 2384 Βριτόμαρτιν
2659 2296 2726 2359 δὲ

374 2426 487 2504 τὴν
572 2427 857 2503 Κρητῶν.
971 2415 1357 2486 Praeterea
1437 2411 1509 2483 in
1596 2410 2049 2485 Cretensium
2135 2410 2456 2506 quadam
2540 2406 2720 2480 iuris

374 2538 657 2612 iurandi
766 2537 1082 2612 formula
1181 2550 1489 2633 utraque
1581 2537 1719 2609 dea
1809 2535 2201 2633 separatim
2303 2535 2721 2608 invocatur:

374 2667 622 2744 Ὀμνύω
672 2668 788 2728 τὰν
837 2666 1093 2726 εΕστιάν
1140 2667 1239 2725 καὶ
1289 2667 1462 2745 Δῆνα
1487 2709 1665 2723 .....
1718 2665 1825 2724 τὸν
1867 2660 2253 2725 Ἀπέλλωνα
2301 2665 2409 2724 τὸν
2459 2661 2725 2722 Ποίτιον

373 2778 473 2835 καὶ
521 2776 640 2836 τὰν
686 2779 950 2836 Λατοῢν
997 2777 1096 2834 καὶ
1149 2775 1265 2835 τὰν
1311 2771 1623 2853 ”Antrum
1647 2818 1826 2831 .....
1876 2776 1975 2833 καὶ
2027 2774 2143 2834 τὰν
2190 2773 2611 2855 Βριτόμαρτιν
2633 2762 2714 2850 ¹).

482 2884 800 2956 Duobus
854 2882 1055 2955 hisce
1084 2880 1503 2954 numinibus
1532 2880 2071 2976 cognatissimis
2100 2881 2389 2955 tertium
2429 2884 2717 2982 accedit

374 3019 705 3097 Δίκτυννα,
755 3033 976 3102 quarn
1042 3008 1257 3080 deam
1314 3004 1706 3101 scriptores
1762 3018 2042 3078 veteres
2096 3005 2296 3078 haud
2335 2989 2499 3079 raro
2538 3007 2719 3080 nihil

373 3159 550 3219 esse,
605 3132 740 3205 nisi
799 3131 1292 3204 Britomartim
1350 3129 1698 3226 peculiari
1759 3132 2083 3225 quodam
2124 3131 2567 3228 cognomine
2594 3158 2725 3205 vo-

373 3272 632 3344 catam,
686 3270 962 3353 putant.
1021 3256 1364 3330 Nominis
1421 3254 1634 3350 origo
1690 3254 1906 3350 plane
1962 3256 2202 3329 adhuc
2258 3256 2464 3342 latet;
2547 3282 2722 3330 nam

373 3382 670 3455 minime
724 3395 849 3469 est,
905 3407 1035 3454 cur
1089 3382 1476 3454 credamus
1532 3378 1873 3452 Diodoro
1914 3382 2164 3454 Siculo
2195 3382 2516 3477 aliisque,
2544 3382 2720 3455 ideo

373 3507 587 3580 deam
675 3518 1024 3579 Δικτύνναν
1107 3507 1544 3603 appellatam
1640 3529 1800 3577 esse
1865 3506 2434 3602 perhibentibus
2510 3509 2723 3603 quod

374 3632 758 3729 reperisset
829 3657 1115 3706 «casses
1170 3630 1625 3705 venatorias»
1682 3637 1927 3722 (δίκτυα
1978 3644 2057 3714 εἷς
2104 3641 2420 3723 κυνηγίαν)
2467 3629 2538 3728 ²),
2592 3647 2730 3706 aut

375 3758 576 3852 quod
659 3783 834 3854 prae
917 3783 1168 3830 amore
1230 3756 1369 3830 sibi
1426 3755 1811 3828 instantem
1875 3756 2200 3831 Minoem
2259 3757 2564 3855 fugienS,
2622 3758 2728 3831 ab

375 3882 519 3954 alta
566 3908 747 3979 rupe
776 3882 846 3954 in
878 3882 1322 3979 piscatorum
1372 3887 1590 3952 δίκτυα
1636 3904 1715 3951 se
1744 3882 2125 3957 abiecisset
2156 3879 2224 3982 3).
2276 3882 2490 3956 Tales
2520 3881 2726 3957 enim

374 4096 679 4145 Parthenion
731 4095 1003 4145 heimische
1057 4096 1294 4145 Atalante
1315 4131 1507 4147 ......
1563 4097 1644 4154 ist,
1709 4098 1802 4145 wie
1858 4096 2097 4156 Kallisto,
2155 4098 2265 4145 eine
2303 4097 2593 4160 Hypostase
2633 4095 2735 4146 der

376 4186 648 4234 Artemis.”

453 4276 501 4338 1)
540 4275 714 4334 Cauer,
752 4276 944 4324 Delect.
982 4276 1136 4325 Inscr.
1174 4275 1347 4323 Graec.
1370 4277 1391 4310 ²
1434 4288 1548 4325 121.
1857 4278 1906 4336 2)
1942 4276 2104 4324 Diod.
2144 4276 2242 4324 Sic.
2281 4275 2351 4323 V.
2390 4271 2473 4334 76.

450 4365 501 4425 3)
540 4364 694 4411 Diod.
734 4365 829 4412 sic.
870 4364 956 4413 1.1.
