3144 5114
1658 463 1757 530 80

537 672 898 770 opposit0‚
953 672 1304 768 templum
1361 685 1515 745 erat
1562 677 1858 761 Ἀθηνᾶς
1907 676 2235 752 Κυδωνίας
2278 667 2349 771 1),
2403 670 2474 744 in
2531 669 2885 744 Phocidis

536 812 784 873 monte
865 798 1063 871 iuxta
1144 798 1475 871 Elateam
1551 804 1815 887 Ἀθηνᾶ
1880 805 2167 887 Komaia
2212 793 2264 895 2)
2345 795 2740 889 colebatur,
2809 797 2886 869 in

533 949 825 998 summo
900 924 1225 1019 quodam
1303 935 1567 1008 monte,
1625 919 1918 995 Cleitori
1991 922 2153 994 urbi
2210 921 2566 995 adiacenti
2613 930 2890 1012 Ἀθηνᾶ

533 1059 732 1140 Κορία
777 1045 846 1148 3)‚
920 1050 989 1122 in
1063 1049 1204 1123 alio
1277 1030 1604 1121 Arcadio
1674 1059 1921 1119 monte
1981 1047 2246 1120 Boreio
2302 1073 2536 1144 prope
2599 1048 2886 1119 Aseam

533 1183 796 1265 Ἀθηνᾶ
841 1182 1120 1262 Σώτειρα
1162 1171 1212 1271 4)
1283 1171 1729 1247 venerationi
1789 1185 1961 1257 erat,
2017 1172 2087 1245 in
2142 1172 2503 1269 Argolide
2561 1172 2891 1266 denique

534 1299 733 1373 haud
789 1300 1009 1396 longe
1064 1301 1159 1372 ab
1217 1298 1494 1394 oppido
1553 1298 1795 1368 Lerna
1848 1297 1919 1369 in
1978 1297 2245 1370 montis
2294 1297 2579 1369 Pontini
2608 1297 2892 1370 vertice

535 1425 887 1520 templum
938 1435 1232 1514 Ἀθηνᾶς
1276 1430 1567 1505 Σαΐτιδος
1612 1417 1664 1519 5)
1719 1446 1879 1496 sese
1935 1423 2327 1496 attollebat.

643 1550 793 1623 Sed
847 1549 1028 1621 haee
1085 1548 1180 1622 de
1233 1549 1528 1623 Athena
1582 1551 1653 1622 in
1712 1549 2002 1623 arcibus
2060 1548 2290 1632 culta3
2366 1547 2569 1642 quod
2626 1546 2894 1620 attinet

537 1676 631 1747 ad
723 1688 1003 1747 ceteros
1095 1674 1278 1747 deae
1367 1676 1622 1762 cultus,
1714 1674 1840 1771 qui
1920 1674 2064 1746 huc
2149 1672 2470 1759 facium,
2524 1671 2891 1766 imprimis

538 1800 843 1896 dignum
896 1799 1070 1871 mihi
1107 1799 1412 1886 videtur,
1450 1802 1653 1896 quod
1700 1803 2128 1873 observetur
2173 1797 2536 1893 permulta
2582 1821 2893 1892 quoque

536 1924 1041 2020 promontoria
1093 1924 1429 1998 Athenae
1485 1918 1910 1999 consecrata
1963 1923 2205 1995 fuisse.
2261 1924 2341 1994 In
2388 1922 2636 1995 Attica
2673 1921 2895 1995 Suni-

538 2076 662 2121 um
692 2046 742 2148 6)
798 2063 869 2122 et
924 2049 1325 2122 Zosterium
1355 2047 1405 2149 7)
1461 2050 1526 2123 ei
1584 2063 1788 2123 erant
1832 2048 2187 2133 dedicata,
2225 2046 2295 2118 in
2336 2047 2610 2121 Salami
2647 2047 2895 2120 insula

539 2174 949 2247 Sciradium
997 2175 1581 2270 promontorium
1611 2173 1680 2274 S),
1727 2175 1798 2246 in
1847 2172 2232 2269 Megaride
2283 2180 2578 2263 Ἀθηνᾶς
2602 2179 2895 2254 Αἰθυίας

538 2306 830 2381 σκόπελος
852 2297 922 2398 9),
978 2299 1051 2371 in
1105 2300 1465 2395 Argolide
1534 2308 1668 2391 ὅρος
1732 2308 1788 2380 ἐς
1834 2303 2165 2369 θάλασσαν
2215 2307 2343 2368 ἀπὸ
2394 2316 2499 2386 τῆς
2546 2301 2893 2367 Πελοπον-

539 2435 722 2515 νήσου
803 2430 1313 2516 προβεβλημένον,
1374 2434 1799 2514 Βούπορθμος
1835 2417 1932 2520 1ο),
1988 2422 2056 2493 in
2117 2420 2485 2494 Laconica
2538 2445 2895 2516 promon-

537 2549 803 2631 torium
880 2548 1258 2645 quoddam
1333 2574 1566 2645 prope
1641 2549 1948 2621 Praseas
2005 2548 2262 2620 urbem
2294 2543 2371 2645 11)
2428 2560 2499 2618 et
2555 2545 2894 2631 alterum,

538 2675 741 2769 quod
808 2685 1004 2746 Ὄνου
1061 2667 1399 2772 γνάθοςῃ)
1456 2674 1987 2759 nominabatur,
2024 2672 2360 2745 Athenae
2415 2696 2624 2744 sacra
2660 2685 2895 2756 erant,

538 2800 609 2871 in
713 2799 1122 2872 Messeniae
1229 2799 1736 2894 promontorio
1848 2797 2305 2895 Coryphasio
2418 2796 2636 2869 aedes
2730 2809 2897 2869 erat

538 2933 834 3015 Ἀθηνᾶς
898 2931 1214 3014 ἐπίκλησιν
1284 2933 1654 3013 κορυφασίας
1676 2919 1773 3021 13)‚
1856 2923 1925 2995 in
2002 2922 2237 2995 insula
2293 2923 2510 2996 Creta
2564 2921 2895 3016 denique

537 3058 801 3139 Ἀθηνᾶ
846 3055 1185 3136 Σαλμωνέα
1211 3044 1286 3146 14)
1344 3073 1388 3119 a
1440 3047 1948 3143 promontorio
2008 3047 2385 3120 Salmonio
2432 3046 2584 3119 sive
2626 3046 2896 3119 Samo-

616 3346 660 3403 1)
698 3341 776 3391 Cf.
815 3343 965 3390 Paus.
1004 3341 1085 3390 VI
1126 3340 1261 3399 21‚6.
1301 3342 1559 3407 Lycophr.
1603 3341 1722 3404 936.

612 3436 660 3492 2)
698 3430 777 3479 Cf.
818 3432 965 3479 Paus.
1003 3431 1061 3478 X
1101 3440 1239 3493 34,7.
1279 3431 1410 3481 Bull.
1448 3432 1497 3478 d.
1538 3430 1678 3481 Corr.
1717 3432 1851 3480 Heu,
1898 3431 2026 3492 1887
2069 3447 2118 3495 p.
2161 3430 2281 3493 318.

612 3521 666 3582 3)
705 3520 782 3567 Cf.
822 3521 973 3570 Paus.
1012 3519 1146 3568 VIII
1170 3532 1304 3582 21‚4.
1346 3521 1467 3578 Cic„
1492 3521 1556 3568 de
1585 3528 1683 3569 nat.
1706 3521 1842 3569 deor.
1864 3520 1946 3567 III
1971 3531 2141 3583 23‚59.
2163 3518 2332 3569 Schol.
2353 3519 2501 3567 Pind.
2525 3519 2607 3567 Ol.
2628 3517 2741 3567 VII
2770 3530 2894 3583 153.

610 3612 662 3672 4)
700 3609 779 3657 Cf.
818 3609 968 3655 PauS.
1009 3607 1143 3656 VIII
1182 3622 1319 3671 44‚4.
1676 3610 1730 3674 5)
1769 3609 1849 3657 Cf.
1889 3610 2020 3657 Ibid.
2060 3610 2114 3656 II
2153 3607 2292 3671 36,8.

611 3698 660 3755 6)
700 3698 943 3766 Ἀθηνᾶς
1004 3695 1326 3758 Σουνιάδος
1383 3698 1626 3763 templum
1688 3707 2104 3747 commemoratur
2158 3698 2293 3761 apud
2336 3699 2486 3745 Paus.
2526 3697 2552 3744 I
2604 3709 2677 3753 1‚1
2724 3696 2893 3761 Soph.

538 3795 684 3842 Aiac.
728 3805 879 3840 1220.
917 3794 1037 3840 Eur.
1062 3792 1199 3856 Cycl.
1224 3805 1323 3855 294
1352 3809 1425 3856 sq.
1465 3794 1545 3841 De
1584 3794 1707 3842 aede
1744 3810 1880 3842 sacra
1916 3809 2072 3857 nuper
2110 3793 2290 3842 effossa
2326 3793 2439 3840 vide
2475 3792 2535 3839 B.
2557 3791 2709 3851 Stais,
2749 3793 2895 3857 Eph.

540 3882 694 3932 Arch.
742 3894 890 3943 1900.
929 3881 1050 3931 Vol.
1088 3881 1170 3932 III
1206 3898 1292 3945 pp.
1340 3893 1632 3946 130-150,

613 3974 660 4034 7)
699 3971 778 4019 Cf.
817 3972 967 4022 PauS.
994 3971 1021 4017 I
1057 3982 1196 4033 31‚1.
1241 3970 1417 4036 Steph.
1456 3972 1576 4036 Byz.
1623 3987 1664 4021 S.
1701 3987 1748 4020 v.
1789 3972 2047 4043 Ζωσῑήρ.

612 4068 661 4128 8)
700 4067 778 4116 Cf.
819 4067 1012 4116 Herod.
1050 4067 1187 4115 VIII
1225 4079 1309 4129 94.
1348 4067 1479 4115 Plut.
1518 4068 1623 4116 Sol.
1662 4083 1703 4116 e.
1725 4079 1775 4126 9.
2005 4068 2054 4128 9)
2092 4066 2173 4115 Cf.
2212 4067 2362 4115 Paus.
2401 4066 2427 4112 I
2468 4075 2547 4129 5,3
2589 4073 2640 4113 et
2677 4066 2704 4112 I
2745 4066 2895 4128 41‚6.

583 4157 662 4216 10)
699 4155 779 4204 Cf.
819 4156 951 4205 Ibid.
990 4156 1044 4203 II
1083 4156 1218 4218 34,8.
1587 4157 1668 4218 11)
1705 4156 1786 4205 Cf.
1823 4156 1956 4204 Ibid.
1994 4156 2078 4202 III
2119 4166 2256 4218 24,5.

583 4246 662 4306 12)
701 4245 781 4293 Cf.
819 4245 951 4293 Ibid.
989 4245 1069 4292 111
1111 4258 1281 4303 22,10.
1595 4247 1675 4308 13)
1714 4244 1791 4293 Cf.
1830 4244 1963 4294 Ibid.
2002 4244 2084 4293 IV
2122 4244 2260 4307 36,2.

584 4335 665 4396 14)
711 4333 791 4381 Cf.
831 4333 891 4382 C.
928 4335 971 4382 I.
1010 4334 1072 4383 G.
1109 4335 1214 4382 No,
1256 4345 1408 4397 2553.
1447 4334 1614 4382 Strab.
1652 4334 1704 4381 II
1750 4333 1864 4383 106.
1900 4334 1959 4381 X
1998 4343 2117 4396 472,
2158 4343 2276 4397 474,
2317 4344 2436 4397 475,
2475 4331 2596 4396 478,
2635 4333 2759 4395 489.
