3144 5114
1394 530 1485 596 23

264 723 654 797 Plutarcho
694 720 746 822 1)
805 722 945 796 alia
974 723 1339 819 quaedam
1381 720 1673 797 levioris
1704 723 2058 797 momenti
2117 723 2420 823 adiungi
2450 751 2615 821 pos-

262 862 442 936 sunt,
531 850 759 922 modo
843 849 938 922 ad
1022 848 1302 935 heroes,
1370 850 1598 922 modo
1682 850 1779 922 ad
1837 864 2123 923 montes
2179 849 2615 925 indicandos

263 973 701 1047 adhibentur
738 971 809 1073 2).
867 973 1260 1066 Quaeritur
1316 973 1555 1071 igitur,
1613 999 1761 1069 qua
1816 974 2097 1048 ratione
2151 975 2334 1048 haec
2371 974 2614 1049 simili-

260 1100 437 1172 tudo
497 1098 931 1195 explicanda
983 1099 1076 1172 sit
1094 1125 1110 1185 ;
1167 1124 1335 1172 nam
1395 1124 1570 1173 casu
1628 1113 1754 1172 aut
1800 1099 2098 1173 fortuito
2160 1100 2434 1174 factum
2465 1127 2613 1174 non

261 1250 432 1313 esse,
509 1239 590 1298 ut
662 1236 771 1297 tot
825 1224 1086 1298 heroes
1143 1239 1579 1321 montesque
1633 1249 1783 1297 uno
1841 1224 2258 1320 eodemque
2314 1226 2614 1300 nomine

260 1351 759 1446 apellarentur,
842 1349 1312 1445 perspicuum
1396 1363 1523 1423 est.
1607 1349 1760 1423 Viri
1835 1349 2035 1423 docti
2117 1350 2255 1423 hac
2347 1352 2442 1424 de
2528 1377 2606 1425 re

261 1475 444 1550 duas
514 1474 587 1548 in
644 1489 888 1572 partes
944 1476 1354 1572 disputant;
1411 1475 1531 1548 alii
1589 1501 1634 1548 a
1689 1474 2065 1550 montibus
2121 1475 2431 1549 heroum
2488 1501 2612 1549 no-

259 1600 453 1674 mina
535 1601 928 1687 deducunt,
1013 1601 1131 1674 alii
1216 1615 1474 1675 contra
1554 1601 1817 1675 heroes
1878 1600 2251 1675 montibus
2305 1601 2609 1675 nomina

260 1725 609 1800 indidisse
691 1725 1096 1813 affirmant3
1180 1752 1434 1800 verum
1518 1724 1731 1799 tertio
1816 1751 2116 1822 quoque
2192 1728 2419 1800 modo
2505 1753 2609 1800 ra-

259 1851 550 1938 tionem,
634 1877 825 1947 quae
914 1852 1262 1925 exstiterit
1345 1851 1530 1924 inter
1612 1876 1757 1938 eos,
1813 1851 1916 1924 sic
1974 1851 2317 1947 explicari
2374 1877 2611 1948 posse,

260 1989 338 2050 ut
390 1991 465 2051 et
519 1977 738 2051 heros
793 1991 867 2051 et
922 2003 1134 2051 mons
1190 2003 1279 2051 ex
1333 1977 1594 2050 eadem
1653 1975 1938 2074 origine
1992 2001 2262 2049 nomen
2309 1976 2612 2051 traxisse

258 2116 619 2197 putemus,
675 2102 750 2176 id
807 2104 903 2176 ab
942 2102 1285 2176 omnibus
1315 2102 1466 2176 fere
1494 2100 2108 2198 praetermittitur.
2138 2102 2608 2197 Quamquam

260 2226 691 2325 dignissima
782 2243 907 2315 est,
990 2254 1213 2324 quarn
1296 2227 1684 2301 nobiscum
1761 2240 2202 2323 reputemuS,
2256 2226 2611 2300 sententia

262 2355 356 2427 ab
414 2354 850 2426 Hermanno
910 2356 1200 2428 Usener
1252 2354 1554 2450 prolata,
1609 2377 2141 2448 saepenumero
2199 2366 2272 2424 et
2299 2352 2610 2425 deorum

259 2492 328 2551 et
407 2479 743 2551 locorum
837 2478 1285 2577 cognomina
1367 2505 1455 2553 ex
1537 2477 1915 2551 communi
1999 2478 2324 2574 quodam
2410 2476 2611 2551 fonte

258 2618 426 2677 nata
508 2628 669 2678 esse
704 2600 773 2702 3).
856 2605 980 2680 Sic
1056 2605 1209 2678 veri
1267 2604 1444 2678 mihi
1499 2603 1789 2677 videtur
1841 2602 2291 2677 simillimum
2352 2604 2610 2702 mythi-

257 2754 426 2802 cum
512 2729 712 2802 illum
782 2735 1148 2816 ''Adam-oe,
1213 2729 1285 2802 in
1343 2755 1492 2826 quo
1551 2727 1847 2802 nomine
1883 2728 2100 2825 stirps
2130 2728 2334 2802 verbi
2384 2735 2602 2819 τλῆναι

256 2853 297 2926 i.
352 2880 412 2928 e.
478 2853 759 2928 «ferre»
839 2853 1283 2929 «sustinere»
1348 2854 1560 2928 facile
1618 2854 2060 2951 agnoscitur,
2117 2868 2358 2926 ortum
2447 2879 2607 2927 esse

257 3004 344 3051 ex
417 2981 740 3075 quadam
800 2982 1256 3055 Graecorum
1309 2980 1625 3067 notione,
1681 3007 1830 3077 qua
1883 2981 2259 3076 putabant,
2315 2979 2603 3052 coelum

255 3104 648 3178 statumine
702 3105 950 3179 nescio
1008 3131 1159 3201 quo
1216 3105 1608 3202 prohiberi,
1655 3132 1746 3180 ne
1792 3106 1863 3177 in
1920 3120 2186 3179 terram
2217 3104 2607 3178 decideret.

256 3230 479 3324 Quod
595 3229 895 3326 quidem
1006 3245 1370 3305 statumen
1455 3257 1649 3304 nunc
1732 3230 1942 3327 quasi
2025 3230 2326 3303 heroem
2403 3256 2606 3326 prae-

254 3356 635 3451 grandem,
731 3381 925 3430 nunc
1009 3355 1217 3452 quasi
1303 3371 1627 3430 montem
1694 3355 2143 3454 cogitatione
2196 3355 2336 3428 sibi
2392 3354 2608 3427 infor-

257 3483 573 3555 mabant.
657 3480 963 3555 Minime
1028 3480 1268 3578 igitur,
1298 3496 1599 3555 auctore
1626 3481 2068 3568 WernickiO,
2098 3494 2207 3554 τὸν
2252 3487 2601 3552 ’Ἄτλαντα

257 3604 497 3703 ipsum
529 3617 650 3679 Δία
696 3621 1241 3703 repraesentare
1270 3606 1603 3681 existimo
1621 3603 1692 3707 4),
1721 3633 1961 3703 neque
1991 3604 2258 3679 montis
2286 3604 2607 3701 personi-

331 3859 374 3920 1)
433 3857 797 3910 Pseudo-Plut.
856 3858 918 3906 de
973 3856 1095 3905 fluv.
1148 3863 1198 3905 et
1235 3865 1391 3906 mont.
1432 3873 1568 3909 nom.
1612 3869 1711 3919 2,3.
1753 3869 1854 3920 3,2.
1898 3867 1998 3921 5‚3.
2044 3866 2148 3920 7,5.
2188 3855 2292 3919 8,3.
2335 3868 2437 3919 9,4.
2485 3868 2601 3919 10,4

264 3959 391 4009 11,3.
438 3959 571 4010 12‚3.
619 3958 752 4009 13‚3.
798 3956 929 4009 17‚3.
977 3947 1109 4010 18,4.
1156 3946 1291 4008 18,9.
1335 3959 1470 4011 21,4.
1513 3959 1650 4010 22,4.
1693 3959 1828 4010 23,4.
1873 3958 2008 4010 24‚3.
2052 3956 2186 4010 25‚4.

330 4038 378 4092 2)
414 4037 494 4085 Cf.
533 4035 780 4094 Roscher,
820 4036 971 4085 Ausf.
1011 4037 1181 4087 Lexic.
1219 4036 1275 4084 ΙΙ
1315 4049 1452 4085 2110
1491 4053 1565 4101 sq.

325 4128 374 4189 3)
429 4126 501 4173 H.
557 4125 768 4183 Usener,
826 4126 1053 4174 Gottern.
1093 4143 1143 4191 p.
1187 4139 1287 4189 232
1331 4127 1730 4184 „Gottesnamen
1768 4126 1872 4173 und
1915 4122 2363 4187 ortsbezeichnung
2399 4124 2513 4172 sind
2553 4126 2603 4172 in

256 4213 564 4263 zahlreichen
598 4214 762 4273 stillen,
800 4231 888 4264 aus
927 4216 1015 4264 der
1051 4216 1236 4264 wurzel
1272 4215 1534 4265 derselben
1570 4213 1883 4276 vorstellung
1920 4211 2440 4277 emporgewachsen.'’

325 4305 376 4366 4)
431 4302 710 4352 Wernicke
756 4305 891 4368 apud
929 4304 1356 4369 Pauly-Wissow.
1395 4321 1444 4371 p.
1494 4315 1650 4365 2127.
1688 4303 1868 4363 „Atlas
1906 4303 1971 4351 ist
2005 4301 2123 4350 aber
2164 4302 2274 4350 eine
2313 4303 2604 4366 Hypostase

259 4391 345 4443 des
382 4392 792 4457 Himmelgottes,
833 4393 931 4443 den
967 4409 1085 4443 man
1120 4394 1383 4459 allgemein
1417 4393 1490 4443 als
1528 4396 1657 4443 Zeus
1689 4409 1752 4442 zu
1780 4390 2086 4442 bezeichnen
2105 4390 2305 4455 pflegt.''
2346 4391 2433 4439 Ad
2452 4407 2604 4457 quam
