3144 5114
1268 502 1359 570 77

174 703 301 764 tum
354 692 585 780 velim,
641 692 825 767 inter
880 719 1003 766 eas
1058 692 1486 790 primarium
1541 694 1789 766 locum
1839 692 2168 766 obtinere
2195 690 2486 765 Atticae

170 818 394 891 urbem
478 818 1024 904 nobilissimam,
1090 819 1162 891 in
1220 819 1428 893 cuius
1487 844 1655 891 arce
1710 817 1922 914 plura
1977 819 2160 890 deae
2213 817 2488 913 templa

169 956 344 1016 erant
422 958 804 1030 exstructa,
888 942 1013 1017 ubi
1096 944 1343 1040 plures
1426 969 1725 1039 quoque
1801 968 2123 1039 pompae
2178 956 2250 1015 et
2305 941 2489 1016 festa

166 1068 516 1143 sollemnia
599 1070 672 1142 in
757 1069 1113 1142 honorem
1183 1092 1290 1162 τῆς
1362 1075 1676 1149 Πολιάδος
1731 1070 2154 1165 agebantur.
2212 1066 2484 1140 Mirum

166 1190 362 1288 igitur
440 1220 586 1267 non
654 1208 780 1281 est,
836 1194 1039 1289 quod
1096 1194 1424 1290 plerique
1479 1192 1615 1266 viri
1671 1193 1869 1265 docti
1926 1194 2140 1265 deam
2199 1194 2293 1265 ab
2348 1192 2484 1264 hac

165 1319 323 1390 urbe
389 1327 751 1410 Ἀθηναίας
822 1318 975 1393 sive
1049 1328 1344 1411 Ἀθηνᾶς
1415 1317 1712 1390 nomine
1778 1331 2271 1413 nuncupatam
2328 1341 2487 1389 esse

164 1442 567 1518 existimant.
652 1444 893 1537 Quam
979 1444 1277 1540 quidem
1361 1442 1795 1517 sententiam
1852 1442 1912 1515 si
1970 1442 2488 1538 approbemus

162 1567 355 1641 etiam
416 1569 561 1643 hoc
615 1595 753 1665 pro
811 1583 1011 1643 certo
1068 1570 1509 1642 sumendum
1568 1567 1719 1653 erit,
1766 1567 1911 1640 iam
1970 1565 2488 1662 antiquissimis

160 1694 594 1789 temporibus
676 1694 1160 1767 Athenienses
1245 1707 1627 1789 tantopere
1691 1692 2018 1788 potentia
2073 1718 2159 1765 ac
2214 1690 2488 1764 viribus

160 1819 394 1892 ceteris
459 1819 872 1892 civitatibus
926 1819 1434 1915 praevaluisse,
1492 1831 1571 1891 ut
1626 1843 1757 1914 per
1811 1831 2040 1891 totam
2100 1816 2486 1891 Graeciam

159 1943 353 2016 deam
410 1970 622 2018 suam
678 1944 1212 2041 pervulgarent.
1273 1946 1491 2029 Nam,
1520 1957 1601 2016 ut
1637 1968 1862 2038 supra
1890 1942 2492 2016 commemoravi-

160 2093 304 2142 mus
332 2066 401 2168 1>,
456 2069 988 2166 posterioribus
1045 2069 1500 2165 temporibus
1530 2068 1602 2141 in
1633 2068 1975 2141 omnibus
2004 2067 2155 2140 fere
2183 2067 2490 2139 urbibus

156 2193 432 2267 Athena
513 2194 740 2267 tutela
818 2195 1227 2268 habebatur
1291 2192 1358 2291 ²).
1440 2192 1898 2266 Testimonio
1980 2206 2224 2266 tamen
2290 2192 2489 2265 nullo

158 2318 516 2415 cognitum
603 2319 962 2393 habemus
1045 2345 1122 2392 re
1168 2345 1341 2392 vera
1395 2318 1726 2392 Athenas
1782 2318 2175 2414 aliquando
2233 2317 2491 2390 ceteris

159 2444 446 2517 urbibus
531 2444 797 2540 opibus
883 2444 1382 2529 antecessisse;
1466 2426 1695 2515 immo
1753 2468 1889 2539 pro
1947 2457 2146 2516 certo
2205 2455 2493 2515 constat

158 2568 381 2643 adhuc
467 2570 764 2645 Solonis
847 2584 1082 2645 aetate
1162 2571 1334 2644 satis
1418 2569 1780 2641 infirmam
1865 2568 2088 2643 fuisse
2144 2594 2295 2641 rem
2362 2594 2491 2664 pu-

157 2692 405 2768 blicam
462 2696 1038 2770 Atheniensium.
1103 2697 1379 2769 Vereor
1433 2693 1674 2791 igitur‚
1729 2719 1821 2767 ne
1875 2694 2252 2791 vulgarem
2310 2695 2493 2766 deae

159 2820 457 2894 nominis
531 2820 1048 2920 interpretandi
1104 2820 1456 2893 rationem
1515 2819 1765 2905 secuti,
1818 2819 2041 2915 longe
2096 2844 2141 2891 a
2192 2819 2493 2891 veritate

160 2939 603 3031 aberremus3
678 2948 1161 3041 quamobrem
1222 2945 1435 3018 aliam
1491 2943 1737 3040 potius
1792 2945 1984 3016 viam
2034 2943 2493 3040 ingressurus

158 3091 325 3142 sum.
379 3072 668 3144 Paucos
723 3071 913 3144 enim
973 3097 1203 3144 annos
1259 3070 1520 3142 abhinc
1572 3071 1670 3141 H.
1727 3070 2017 3142 Usener
2045 3068 2115 3141 in
2176 3068 2492 3165 egregiis

160 3189 280 3265 illis
365 3195 641 3283 studiis,
723 3222 912 3292 quae
1003 3196 1098 3269 de
1180 3197 1635 3270 Graecorum
1720 3193 2027 3266 deorum
2113 3193 2490 3266 nominum

164 3317 426 3414 origine
490 3345 576 3393 ac
634 3321 932 3417 propria
987 3319 1517 3418 significatione
1574 3330 1822 3414 agunt,
1876 3317 2091 3390 variis
2145 3317 2494 3414 exemplis

165 3439 672 3520 demonstravit
769 3445 1168 3542 permultas
1249 3447 1487 3530 urbeS‚
1570 3468 1761 3538 quae
1843 3468 2150 3516 numero
2236 3442 2494 3539 plurali

165 3584 677 3666 nuncupantur,
734 3596 778 3644 a
841 3572 984 3644 dea
1038 3571 1358 3667 quadam
1415 3568 1568 3642 sive
1625 3568 1954 3666 nympha
2007 3568 2305 3641 nomina
2358 3581 2495 3640 tra-

234 3727 280 3788 1)
317 3728 394 3780 Cf.
433 3747 547 3795 pag.
594 3730 672 3780 18.

232 3819 276 3878 2)
310 3819 370 3866 E.
409 3819 583 3884 Meyer
636 3826 739 3868 tam
792 3817 931 3867 firme
979 3834 1270 3883 persuasum
1307 3818 1460 3866 habet
1496 3818 1558 3865 ab
1598 3818 1721 3865 urbe
1758 3817 1978 3865 Athenis
2016 3816 2256 3880 originem
2295 3815 2495 3864 duxisse

167 3899 314 3963 deam,
370 3914 425 3955 ut
461 3906 557 3956 hoc
593 3923 694 3957 uno
729 3916 1020 3970 argumento
1057 3908 1194 3956 nisus
1233 3923 1334 3955 non
1373 3907 1675 3955 dubitaverit
1710 3922 1804 3970 pro
1842 3912 1977 3954 certo
2015 3904 2256 3954 affirmare
2290 3920 2343 3952 re
2379 3920 2495 3952 vera

167 3991 381 4045 Athenas
416 3997 762 4046 remotissimis
802 3997 1112 4061 temporibus
1151 3997 1331 4061 opibus
1369 3994 1621 4044 floruisse:
1668 3995 1723 4043 ΙΙ
1768 4008 1864 4058 114
1887 4010 1961 4058 sq.
2002 3993 2185 4052 „Noch
2223 3992 2496 4041 deutlicher

168 4077 226 4128 ist
259 4083 343 4132 der
377 4084 534 4136 locale
570 4087 835 4151 Ursprung
871 4086 960 4134 der
992 4085 1169 4135 Gottin
1205 4102 1306 4133 von
1345 4084 1534 4133 Athen.
1575 4084 1741 4132 Einen
1779 4084 2124 4146 Eigennamen
2158 4081 2245 4132 hat
2264 4083 2335 4130 sie
2354 4081 2495 4129 fiber-

167 4164 312 4235 haupt
345 4174 496 4233 nicht,
534 4176 606 4224 sie
642 4174 799 4224 heisst
838 4175 954 4239 „die
991 4191 1090 4223 von
1127 4173 1335 4223 Athen”
1378 4174 1718 4244 (Ἀθηναία)
1742 4208 2036 4229 ........
2044 4171 2223 4220 Dieser
2258 4173 2496 4233 Vorgang

168 4260 359 4318 beweist
386 4272 503 4332 'eine
541 4270 933 4335 Machtstellung
968 4272 1168 4320 Athens
1207 4271 1257 4318 in
1295 4269 1383 4318 der
1419 4269 1632 4318 altesten
1669 4269 1792 4324 leit,
1832 4281 1930 4315 von
1967 4268 2056 4315 der
2092 4282 2266 4315 unsere
2303 4266 2495 4315 Ueber-

173 4349 404 4424 lieferung
441 4361 586 4410 keine
622 4361 753 4425 Spur
788 4360 930 4410 mehr
965 4360 1188 4410 bewahrt
1223 4358 1359 4408 hat.”
