3144 5114
1342 534 1435 603 33

259 739 613 825 naturaque
685 730 1130 827 mythorum,
1204 729 1330 824 qui
1405 755 1575 803 cum
1635 729 1757 802 illo
1813 729 1956 802 deo
2012 726 2384 801 Arcadico
2441 750 2561 801 co-

257 850 526 941 haerent,
553 855 790 929 varias
820 855 892 927 in
920 868 1165 951 partes
1193 854 1770 951 disputaverunt.
1800 854 2135 947 Quorum
2167 853 2559 928 sententias

255 973 627 1074 singulatim
685 994 1128 1078 pertractare
1182 991 1255 1053 et
1307 981 1617 1077 longum
1675 994 1784 1054 est
1838 994 1911 1053 et
1964 1005 2009 1052 a
2055 979 2359 1053 consilio
2391 1005 2558 1053 meo
2652 1010 2659 1016 ·

255 1101 547 1178 alienum.
629 1109 886 1181 Unum
970 1107 1114 1179 hoc
1199 1120 1478 1179 tantum
1545 1106 1788 1179 dicam
1848 1131 1966 1178 me
2021 1103 2348 1178 assentiri
2404 1105 2559 1192 illis,

254 1226 355 1319 qui
429 1255 850 1325 persuasum
916 1231 1263 1317 habeant,
1320 1233 1766 1328 Lycaonem,
1822 1231 1948 1326 qui
2015 1229 2295 1327 primus
2350 1255 2560 1303 sacra

251 1347 308 1421 in
379 1370 610 1429 monte
695 1359 992 1454 Lycaeo
1077 1356 1470 1430 instituisse
1554 1370 1629 1430 et
1695 1366 1796 1428 Λιί
1854 1355 1992 1452 ipsi
2049 1355 2280 1428 filium
2337 1381 2556 1429 suum

250 1478 508 1570 epulum
556 1481 883 1555 -dedisse
965 1480 1349 1568 ferebatur,
1434 1481 1784 1577 quocirca
1865 1483 1960 1554 ab
2043 1481 2227 1554 irato
2284 1482 2428 1554 deo
2484 1481 2556 1553 in

247 1598 466 1696 lupum
513 1619 1075 1693 converteretur,
1133 1606 1306 1679 olim
1362 1607 1741 1680 Arcadum
1801 1607 2023 1679 deum
2079 1606 2555 1702 principalem

249 1722 471 1814 fuisse;
525 1745 782 1827 postea
837 1744 1103 1818 autem,
1159 1758 1329 1806 cum
1387 1731 1571 1806 deus
1626 1731 1961 1829 superior
2007 1740 2160 1812 Ζεύς
2204 1730 2360 1804 eius
2389 1731 2556 1804 loco

246 1855 675 1930 successisset
728 1856 1034 1952 eiusque
1087 1856 1405 1930 honores
1460 1858 1556 1930 ad
1611 1882 1692 1930 se
1720 1856 2068 1942 traxisset,
2098 1855 2299 1928 illum
2332 1856 2553 1929 deum

245 1973 387 2050 huic
439 1982 818 2055 recessisse
873 1995 945 2055 et
1002 2007 1147 2054 non
1189 1982 1323 2055 nisi
1364 1982 1436 2054 in
1477 1982 1747 2080 mythis
1784 1981 2246 2078 superstitem
2279 2006 2556 2054 reman-

244 2098 412 2175 sisse.
463 2106 540 2179 Si
597 2107 761 2202 quis
817 2120 1062 2179 autem
1104 2106 1559 2203 quaesiverit,
1599 2105 1934 2202 quisnam
1974 2105 2190 2179 fuerit
2225 2105 2344 2179 ille
2371 2107 2555 2179 deus

242 2225 491 2318 priscus
535 2242 833 2318 Λυκάων,
873 2231 1030 2304 sine
1085 2232 1234 2305 ulla
1287 2231 1745 2323 dubitatione
1799 2229 2336 2317 affirmaverim,
2383 2257 2553 2304 eum

190 2358 197 2367 ’
241 2346 414 2424 haud
466 2355 667 2429 aliter
722 2381 947 2450 quam
998 2368 1119 2429 Δία
1155 2371 1438 2429 Λυκαῖον
1482 2356 1907 2430 habendum
1948 2381 2107 2430 esse
2146 2355 2216 2428 in
2248 2382 2554 2429 numero

241 2473 537 2567 deorum,
567 2481 691 2577 qui
721 2480 959 2554 lucem
991 2481 1153 2555 orbi
1182 2496 1536 2555 terrarum
1567 2484 1985 2578 praebeant.
2025 2483 2225 2554 Nam
2256 2496 2553 2580 etymon

237 2602 415 2676 vocis
457 2618 736 2680 Λυκάων
783 2632 828 2679 a
884 2607 1130 2680 radice
1165 2614 1323 2678 λυκα
1354 2608 1635 2704 («lux»)
1665 2607 2148 2681 derivandum
2180 2621 2288 2680 est
2316 2601 2555 2703 neque

237 2747 383 2800 cum
427 2737 724 2817 „imno-9⁹⁹
774 2730 1155 2829 («lupus»)·
1196 2732 1540 2806 cohaeret
1557 2729 1626 2830 ¹).
1684 2732 1964 2806 Omnes
1995 2732 2218 2829 igitur
2246 2731 2555 2819 fabulae,

236 2874 402 2943 quae
470 2856 566 2928 ad
625 2858 1048 2953 Lycaonem
1106 2857 1179 2929 in
1235 2858 1491 2954 lupum
1549 2856 2147 2954 transfiguratum
2204 2870 2554 2954 spectant,

232 2989 342 3048 aut
416 2980 819 3075 posteriore
902 2994 1137 3055 aetate
1219 3009 1260 3055 e
1343 2982 1525 3055 falsa
1581 2981 2045 3080 cognominis
2101 2981 2555 3079 etymologia

234 3114 413 3177 ortae
464 3120 649 3193 sunt,
707 3120 849 3193 aut,
904 3107 964 3179 si
1019 3107 1346 3181 sincerae
1399 3121 1571 3181 sunt
1625 3122 1698 3180 et
1751 3133 1839 3181 ex
1886 3106 2047 3203 ipso
2078 3106 2321 3202 prisco
2352 3107 2551 3179 cultu

230 3244 559 3326 sumptae,
613 3231 757 3303 hoc
814 3245 1058 3305 tamen
1115 3258 1156 3305 e
1193 3232 1489 3305 nomine
1537 3243 1814 3303 Λυκάων
1837 3230 2031 3304 effici
2061 3231 2339 3327 nequit;
2381 3257 2549 3304 nam

229 3371 374 3439 non,
400 3355 534 3428 nisi
564 3380 755 3428 vana
781 3356 1182 3429 similitudo
1221 3370 1456 3445 exstat
1483 3356 1667 3429 inter
1693 3357 1920 3428 verba
1953 3364 2201 3428 λυκάων
2248 3370 2321 3428 et
2354 3361 2552 3442 λύκος,

229 3499 395 3570 quae
477 3507 554 3554 re
634 3507 810 3555 vera
892 3482 1091 3554 nullo
1158 3481 1403 3566 ‚modo
1487 3481 1672 3555 inter
1752 3506 1913 3554 sese
1982 3505 2314 3553 connexa
2366 3493 2551 3552 sunt.

227 3599 598 3679 Posteriori
654 3606 869 3680 aetati
925 3606 1210 3679 fabulas
1266 3605 1592 3680 attribuit
1649 3607 1904 3679 Herm.
1961 3607 2251 3680 Usener
2277 3602 2347 3704 2),
2384 3605 2551 3677 alte-

295 3826 334 3888 Ι)
368 3829 445 3877 Cf.
483 3829 582 3878 Ed.
621 3830 812 3893 Meyer,
852 3828 1061 3878 Forsch.
1099 3846 1144 3879 z,
1182 3846 1227 3881 a.
1267 3827 1448 3878 Gesch.
1487 3828 1515 3876 1
1553 3826 1615 3876 61
1658 3830 1814 3876 Anm.
1849 3840 1898 3890 3.
1939 3828 2256 3891 „avua-003,
2281 3828 2548 3884 λυκα-ων,

229 3916 534 3998 λυκηὛενης
617 3924 897 3992 luxa-1305·
950 3923 1063 3971 sind
1099 3923 1442 3986 Ableitungen
1479 3939 1579 3971 von
1616 3922 1730 3970 dem
1768 3921 2143 3973 verschollenen
2179 3938 2362 3970 nomen
2404 3923 2547 3974 λυκιι

223 4014 394 4088 (λυκη)
452 4018 636 4077 „Licht
689 4019 914 4082 (Tag?)”,
966 4019 1072 4067 und
1125 4017 1290 4066 haben
1340 4019 1434 4066 mit
1472 4016 1669 4077 luno-9
1709 4018 1825 4079 (von
1863 4018 1979 4065 dem
2019 4034 2063 4067 z.
2102 4018 2165 4067 B.
2208 4018 2546 4092 λυκο·οργος

225 4114 426 4173 stammt)
464 4112 627 4162 nichts
666 4128 728 4161 zu
765 4111 943 4165 thun.'’

289 4202 333 4262 2)
368 4203 437 4249 H.
475 4202 686 4260 Usener,
725 4202 952 4250 Gottern.
995 4199 1095 4248 216
1137 4200 1265 4258 „Als
1303 4200 1393 4249 der
1435 4200 1743 4264 sprachliche
1785 4198 2219 4263 Zusammenhang
2242 4201 2404 4264 gelost
2429 4218 2545 4260 war,

199 4282 301 4334 'der
351 4290 437 4338 das
490 4290 848 4339 Verstzindniss
891 4290 981 4338 der
1017 4289 1456 4353 VVortbedeutung
1493 4289 1717 4338 ausrecht
1751 4289 1886 4346 hielt‚
1926 4290 2120 4352 begann
2158 4290 2240 4337 die
2277 4291 2546 4354 Volksety-

225 4376 423 4440 mologie
462 4379 538 4427 ihr
573 4379 703 4427 loses
741 4377 875 4443 Spiel
916 4378 1020 4427 und
1055 4378 1251 4427 machte
1288 4379 1386 4427 den
1423 4379 1548 4429 Gott
1584 4395 1698 4426 zum
1733 4378 1928 4426 Wolf.”

2284 4502 2324 4567 3
