3144 5114
36 4395 39 4456 l

1331 545 1424 618 57

228 742 350 816 ries
401 741 553 816 illas
608 741 680 817 in
740 741 974 815 maius
1030 739 1592 814 accumulabant
1619 736 1687 838 ¹).
1743 740 1937 812 Vera
1993 752 2213 833 atque
2251 739 2553 835 propria

226 867 639 964 significatio
712 867 973 940 harum
1048 865 1377 963 lapidum
1433 878 1717 939 struum
1773 863 1989 961 plane
2045 864 2285 937 adhuc
2358 864 2550 951 latet,

229 1018 652 1088 quamquam
708 993 909 1081 haud
963 1016 1240 1089 paucas
1268 991 1363 1063 de
1398 990 1536 1063 hac
1577 1015 1655 1063 re
1692 988 2147 1087 protulerunt
2184 987 2318 1061 viri
2356 989 2556 1061 docti

225 1118 589 1192 sententias
642 1115 711 1217 2).
768 1118 990 1210 Quod
1046 1130 1291 1190 autem
1347 1116 1528 1189 haec
1568 1115 1960 1189 venerandi
1999 1114 2181 1188 ratio
2219 1114 2315 1187 ad
2350 1114 2555 1188 illum

223 1242 662 1337 potissimum
737 1244 960 1315 deum
1036 1240 1362 1338 pertinet,
1418 1240 1545 1336 qui
1609 1240 1681 1312 in
1740 1239 2110 1312 montibus
2165 1239 2559 1336 praecipue

226 1368 596 1454 colebatur,
671 1367 748 1440 id
823 1366 1121 1439 minime
1187 1365 1554 1439 miramur.
1624 1363 1998 1440 Consimili
2064 1364 2256 1438 enim
2327 1365 2555 1438 modo

226 1492 455 1565 Iudaei
528 1493 672 1566 deo
746 1518 884 1566 suo
960 1490 1360 1565 celsissimo
1434 1490 1753 1562 honores
1828 1489 2278 1576 tribuebant;
2334 1515 2556 1587 saepe

225 1618 308 1689 ab
374 1616 458 1691 iis
531 1618 602 1691 in
658 1618 1015 1690 honorem
1072 1615 1341 1689 summi
1397 1615 1516 1688 dei
1571 1614 1899 1711 lapidum
1957 1614 2216 1687 tumuli
2272 1640 2557 1688 coacer-

224 1744 579 1829 vabantur,
655 1742 780 1838 qui
855 1740 1189 1815 altarium
1263 1740 1422 1813 vice
1495 1739 1972 1836 fungerentur
2025 1735 2095 1839 ³).
2153 1740 2357 1813 Facit
2410 1739 2555 1813 huc

225 1893 518 1964 quoque,
556 1869 758 1963 quod
797 1868 892 1940 de
920 1867 1065 1939 alta
1093 1865 1213 1939 illa
1239 1879 1381 1948 Διὸς
1405 1872 1756 1954 Ὀλυμπίου
1778 1890 1921 1950 ara,
1952 1890 2141 1960 quae
2163 1865 2556 1962 Olympiae

224 2006 362 2065 erat
412 2006 794 2079 exstructa,
850 1990 1230 2088 cognitum
1288 1989 1665 2063 habemus.
1725 1991 1935 2063 Haec
1966 2015 2110 2076 ara,
2148 2016 2337 2085 quae
2373 2004 2555 2063 teste

224 2118 567 2192 Pausania
607 2115 659 2215 ⁴)
706 2130 1060 2214 congesta
1095 2129 1253 2189 erat
1290 2141 1331 2188 e
1371 2114 1613 2187 cinere
1650 2114 2110 2188 victimarum
2142 2117 2554 2189 combusta-

225 2268 391 2330 rum,
456 2242 845 2339 quotannis
912 2241 1148 2339 magis
1216 2240 1602 2338 magisque
1665 2242 2147 2327 accrescebat,
2203 2241 2550 2336 quoniam

220 2366 505 2465 singulis
614 2367 841 2442 sacris
949 2365 1457 2440 anniversariis
1558 2390 1793 2438 novus
1887 2365 2066 2439 cinis
2148 2365 2551 2440 hostiarum

220 2493 610 2568 adderetur.
668 2496 836 2567 Deo
894 2517 1159 2589 nempe
1196 2490 1598 2566 celsissimo
1629 2490 1700 2563 in
1736 2492 1944 2565 coelo
1977 2491 2327 2588 regnanti,
2356 2492 2552 2566 celso

219 2642 499 2714 quoque
564 2620 637 2690 in
705 2619 872 2691 loco
930 2643 1082 2691 rem
1130 2616 1452 2690 divinam
1511 2642 1671 2689 esse
1735 2615 2143 2689 faciendam
2199 2619 2556 2713 putabant

220 2742 381 2816 Elei.
480 2744 679 2837 Quid
765 2744 968 2838 quod
1043 2742 1262 2815 etiam
1357 2741 1701 2837 Pergami
1775 2741 2057 2814 incolae
2131 2742 2552 2815 numinibus

218 2870 640 2944 coelestibus
695 2869 768 2941 in
799 2867 1191 2941 notissimis
1228 2866 1364 2940 illis
1403 2866 1672 2940 altariis
1709 2867 2050 2963 praealtis
2077 2892 2286 2941 sacra
2315 2867 2554 2941 facere

216 2995 583 3068 solebant?
616 2996 779 3067 Nec
810 3019 959 3066 non
990 2992 1274 3065 silentio
1303 2991 1879 3087 praetermittere
1917 2992 2084 3065 licet
2113 2992 2552 3091 Babylonio-

216 3143 365 3192 rum
398 3145 677 3192 morem
709 3117 1034 3215 ponendi
1065 3116 1318 3190 altaria
1345 3116 1483 3190 diis
1513 3116 1928 3191 celsissimis
1957 3117 2028 3189 in
2049 3118 2357 3192 summis
2377 3132 2551 3192 tem-

215 3244 357 3339 plis,
412 3270 604 3341 quae
651 3243 957 3317 turrium
989 3243 1215 3316 instar
1243 3254 1447 3315 erant
1475 3241 1862 3315 aedificata
1888 3238 1958 3340 ⁵).
1989 3242 2551 3345 («Ziggurats»).

282 3488 328 3550 1)
366 3487 445 3537 Cf.
484 3486 640 3536 schol.
679 3485 744 3534 ad
781 3485 882 3535 Od.
909 3496 951 3532 π’
975 3494 1072 3548 471
1104 3490 1154 3533 et
1179 3483 1412 3532 Eustath.
1451 3482 1516 3533 ad
1551 3483 1642 3533 h.l.
1698 3484 1905 3533 Cornut.
1935 3483 2012 3534 16.
2070 3486 2220 3536 Babr.
2240 3485 2324 3549 48.
2383 3487 2549 3536 Strab.

214 3574 338 3624 VIII
374 3589 496 3640 343.
534 3576 649 3624 XV
689 3574 808 3624 818.
849 3574 1107 3638 Theophr.
1129 3573 1355 3622 Charact.
1386 3573 1462 3621 16.
1502 3572 1743 3637 Polyaen.
1765 3572 1978 3636 Strateg.
2009 3574 2090 3622 VI
2115 3588 2197 3637 24.
2241 3577 2391 3624 Paus.
2414 3577 2549 3624 VIII

214 3664 339 3727 34,6.
377 3666 482 3715 Dio
501 3663 797 3729 Chrysosth.
837 3664 923 3712 Or.
948 3662 1030 3726 78.
1049 3679 1098 3727 p.
1123 3675 1225 3725 420
1251 3664 1322 3711 R.
1389 3665 1559 3727 Etym.
1582 3663 1675 3720 M„
1715 3661 1955 3726 Hesych„
1975 3662 2117 3712 Suid.
2138 3679 2229 3713 sm.
2251 3657 2544 3738 δῖΕρμοιῖοιι.

277 3764 327 3823 2)
362 3763 440 3811 Cf.
479 3759 736 3819 Welcker,
776 3759 865 3810 Gr.
905 3758 1114 3808 Gotterl.
1152 3759 1206 3805 II
1245 3769 1364 3822 455.
1405 3760 1466 3808 B.
1487 3758 1731 3817 Schmidt,
1760 3758 2119 3821 „Steinhaufen
2139 3760 2213 3809 als
2239 3760 2547 3819 Fluchmale,

213 3847 611 3913 Hermesheiligt.
650 3850 753 3897 und
792 3847 1078 3910 Grabhiigel
1118 3848 1165 3895 in
1206 3847 1439 3898 Griech.”
1470 3849 1649 3913 Jahrb.
1689 3848 1725 3898 s.
1762 3848 1895 3898 Phil.
1941 3848 2089 3912 1893,
2128 3865 2214 3914 pp.
2247 3848 2547 3913 369—395.

214 3937 563 3988 Prell.—-Rob.
602 3939 689 3988 Gr.
727 3937 919 4003 Myth4.
957 3937 983 3985 I
1021 3936 1123 4001 346
1162 3939 1320 3986 Anm.
1363 3948 1408 4000 5.
1474 3939 1549 3987 M.
1591 3939 1684 3988 W.
1721 3938 1786 3986 de
1822 3939 2016 3995 Visser‚
2066 3938 2147 3987 De
2185 3939 2413 3988 Graecor.
2451 3940 2548 3989 diis

214 4040 308 4074 non
339 4030 483 4077 refer.
520 4044 653 4093 spec,
691 4026 829 4075 hum.
871 4026 1101 4089 80—85.

280 4118 327 4178 3)
362 4117 439 4168 Cf.
477 4117 569 4166 W.
608 4117 892 4174 Baudissin,
930 4115 1076 4165 Stud.
1114 4131 1156 4163 z.
1194 4116 1332 4166 Sem.
1371 4117 1540 4180 Relig.
1580 4117 1748 4180 gesch.
1785 4118 1840 4165 II
1880 4117 2175 4182 255—261.

279 4205 331 4267 4)
367 4208 519 4255 PauS.
577 4207 627 4255 V
673 4205 821 4268 13,8:
870 4206 1195 4274 Πεποίηται
1258 4200 1321 4259 δὲ
1376 4204 1432 4276 (0‘
1476 4210 1576 4260 τοῦ
1624 4205 1772 4269 Διὸς
1816 4211 1915 4261 τοῦ
1966 4208 2283 4280 Ὀλυμπίου
2325 4207 2543 4280 βωμὸς)

218 4296 436 4372 ἱερείων
476 4307 589 4356 τῶν
612 4299 906 4372 θυομένων
929 4299 1004 4374 τῷ
1026 4295 1129 4356 Διὶ
1156 4299 1269 4356 ἀπὸ
1301 4305 1396 4371 τῆς
1427 4301 1638 4377 τέφρας
1661 4311 1773 4359 τῶν
1791 4311 2002 4378 μηρῶν.
2046 4304 2125 4353 Cf.
2147 4305 2278 4354 Ibid.
2302 4306 2351 4354 V
2379 4317 2488 4368 13‚1
2505 4318 2547 4354 1.

280 4397 327 4459 5)
362 4396 442 4447 Cf.
480 4397 632 4446 Ferd.
670 4412 716 4446 v,
756 4398 920 4446 Andr.
960 4396 1190 4448 Hohenc.
1232 4414 1282 4463 p.
1313 4399 1428 4463 265.
