<?xml version="1.0" encoding="UTF-8"?>
<!DOCTYPE html PUBLIC "-//W3C//DTD XHTML 1.0 Transitional//EN"
    "http://www.w3.org/TR/xhtml1/DTD/xhtml1-transitional.dtd">
<html xmlns="http://www.w3.org/1999/xhtml" xml:lang="en" lang="en">
 <head>
  <title>
</title>
<meta http-equiv="Content-Type" content="text/html;charset=utf-8" />
  <meta name='ocr-system' content='tesseract 3.04.00' />
  <meta name='ocr-capabilities' content='ocr_page ocr_carea ocr_par ocr_line ocrx_word'/>
</head>
<body>
  <div class='ocr_page' id='page_1' title='image "./dediisinlocised01albegoog_0068.png"; bbox 0 0 3144 5114; ppageno 0'>
   <div class='ocr_carea' id='block_1_1' title="bbox 1708 499 1801 587">
    <p class='ocr_par' dir='ltr' id='par_1_1' title="bbox 1708 499 1801 587">
     <span class='ocr_line' id='line_1_1' title="bbox 1708 499 1801 587; baseline 0 -20"><span class='ocrx_word' id='word_1_1' title='bbox 1708 499 1801 587; x_wconf 82' lang='lat'>58</span> 
     </span>
    </p>
   </div>
   <div class='ocr_carea' id='block_1_2' title="bbox 577 706 2909 1055">
    <p class='ocr_par' dir='ltr' id='par_1_2' title="bbox 577 706 2909 1055">
     <span class='ocr_line' id='line_1_2' title="bbox 685 706 2908 806; baseline 0 -25"><span class='ocrx_word' id='word_1_2' title='bbox 685 706 854 793; x_wconf 85' lang='lat' dir='ltr'>Sed,</span> <span class='ocrx_word' id='word_1_3' title='bbox 878 750 883 755; x_wconf 92' lang='lat'><em>·</em></span> <span class='ocrx_word' id='word_1_4' title='bbox 908 734 999 782; x_wconf 92' lang='lat' dir='ltr'>ne</span> <span class='ocrx_word' id='word_1_5' title='bbox 1051 707 1344 805; x_wconf 83' lang='lat' dir='ltr'>longius</span> <span class='ocrx_word' id='word_1_6' title='bbox 1399 734 1443 781; x_wconf 93' lang='lat' dir='ltr'>a</span> <span class='ocrx_word' id='word_1_7' title='bbox 1495 708 1882 806; x_wconf 86' lang='lat' dir='ltr'>proposito</span> <span class='ocrx_word' id='word_1_8' title='bbox 1939 722 2189 782; x_wconf 87' lang='lat' dir='ltr'>nostro</span> <span class='ocrx_word' id='word_1_9' title='bbox 2228 711 2673 796; x_wconf 85' lang='lat' dir='ltr'>aberremuS,</span> <span class='ocrx_word' id='word_1_10' title='bbox 2702 722 2908 782; x_wconf 88' lang='lat' dir='ltr'>trans·</span> 
     </span>
     <span class='ocr_line' id='line_1_3' title="bbox 577 833 2909 931; baseline 0.001 -26"><span class='ocrx_word' id='word_1_11' title='bbox 577 858 830 906; x_wconf 90' lang='lat' dir='ltr'>eamus</span> <span class='ocrx_word' id='word_1_12' title='bbox 910 833 1055 906; x_wconf 92' lang='lat' dir='ltr'>iarn</span> <span class='ocrx_word' id='word_1_13' title='bbox 1139 834 1235 906; x_wconf 92' lang='lat' dir='ltr'>ad</span> <span class='ocrx_word' id='word_1_14' title='bbox 1317 847 1658 930; x_wconf 86' lang='lat' dir='ltr'>quartum</span> <span class='ocrx_word' id='word_1_15' title='bbox 1742 835 1986 921; x_wconf 94' lang='lat' dir='ltr'>deum,</span> <span class='ocrx_word' id='word_1_16' title='bbox 2069 834 2194 929; x_wconf 91' lang='lat' dir='ltr'>qui</span> <span class='ocrx_word' id='word_1_17' title='bbox 2278 860 2500 931; x_wconf 82' lang='lat' dir='ltr'><strong>saepe</strong></span> <span class='ocrx_word' id='word_1_18' title='bbox 2557 834 2743 909; x_wconf 93' lang='lat' dir='ltr'>inter</span> <span class='ocrx_word' id='word_1_19' title='bbox 2793 860 2909 907; x_wconf 92' lang='lat' dir='ltr'>nu-</span> 
     </span>
     <span class='ocr_line' id='line_1_4' title="bbox 580 957 2277 1055; baseline 0.002 -26"><span class='ocrx_word' id='word_1_20' title='bbox 580 957 777 1031; x_wconf 92' lang='lat' dir='ltr'>mina</span> <span class='ocrx_word' id='word_1_21' title='bbox 832 958 1221 1055; x_wconf 87' lang='lat' dir='ltr'>pastoricia</span> <span class='ocrx_word' id='word_1_22' title='bbox 1276 958 1604 1045; x_wconf 88' lang='lat' dir='ltr'>habetur,</span> <span class='ocrx_word' id='word_1_23' title='bbox 1652 965 2043 1032; x_wconf 73' lang='grc' dir='ltr'>Ἀπόλλωνα</span> <span class='ocrx_word' id='word_1_24' title='bbox 2088 959 2277 1033; x_wconf 88' lang='lat' dir='ltr'>dico.</span> 
     </span>
    </p>
   </div>
   <div class='ocr_carea' id='block_1_3' title="bbox 1545 1166 1971 1174">
    <p class='ocr_par' dir='ltr' id='par_1_3' title="bbox 1545 1166 1971 1174">
     <span class='ocr_line' id='line_1_5' title="bbox 1545 1166 1971 1174; baseline 0 0"><span class='ocrx_word' id='word_1_25' title='bbox 1545 1166 1971 1174; x_wconf 95' lang='lat' dir='ltr'> </span> 
     </span>
    </p>
   </div>
   <div class='ocr_carea' id='block_1_4' title="bbox 1171 1298 2339 1373">
    <p class='ocr_par' dir='ltr' id='par_1_4' title="bbox 1171 1298 2339 1373">
     <span class='ocr_line' id='line_1_6' title="bbox 1171 1298 2339 1373; baseline 0.003 -11"><span class='ocrx_word' id='word_1_26' title='bbox 1171 1315 1270 1363; x_wconf 87' lang='lat' dir='ltr'>DE</span> <span class='ocrx_word' id='word_1_27' title='bbox 1315 1298 1730 1373; x_wconf 76' lang='grc' dir='ltr'><em>’Λπόλλωνος</em></span> <span class='ocrx_word' id='word_1_28' title='bbox 1775 1316 2339 1365; x_wconf 86' lang='lat' dir='ltr'>VENERATIONE.</span> 
     </span>
    </p>
   </div>
   <div class='ocr_carea' id='block_1_5' title="bbox 1648 1480 1862 1486">
    <p class='ocr_par' dir='ltr' id='par_1_5' title="bbox 1648 1480 1862 1486">
     <span class='ocr_line' id='line_1_7' title="bbox 1648 1480 1862 1486; baseline 0 0"><span class='ocrx_word' id='word_1_29' title='bbox 1648 1480 1862 1486; x_wconf 95' lang='lat' dir='ltr'> </span> 
     </span>
    </p>
   </div>
   <div class='ocr_carea' id='block_1_6' title="bbox 578 1602 2921 3079">
    <p class='ocr_par' dir='ltr' id='par_1_6' title="bbox 578 1602 2921 2202">
     <span class='ocr_line' id='line_1_8' title="bbox 685 1602 2917 1702; baseline 0.001 -27"><span class='ocrx_word' id='word_1_30' title='bbox 685 1602 833 1675; x_wconf 92' lang='lat' dir='ltr'>Hic</span> <span class='ocrx_word' id='word_1_31' title='bbox 879 1603 1080 1688; x_wconf 54' lang='lat' dir='ltr'>deus</span> <span class='ocrx_word' id='word_1_32' title='bbox 1134 1602 1301 1676; x_wconf 91' lang='lat' dir='ltr'>licet</span> <span class='ocrx_word' id='word_1_33' title='bbox 1330 1602 1638 1677; x_wconf 87' lang='lat' dir='ltr'>fortasse</span> <span class='ocrx_word' id='word_1_34' title='bbox 1675 1603 2198 1699; x_wconf 81' lang='lat' dir='ltr'>antiquissimis</span> <span class='ocrx_word' id='word_1_35' title='bbox 2229 1603 2687 1701; x_wconf 83' lang='lat' dir='ltr'>temporibus</span> <span class='ocrx_word' id='word_1_36' title='bbox 2724 1630 2917 1702; x_wconf 90' lang='lat' dir='ltr'>prae·</span> 
     </span>
     <span class='ocr_line' id='line_1_9' title="bbox 579 1727 2919 1830; baseline 0.001 -31"><span class='ocrx_word' id='word_1_37' title='bbox 579 1728 794 1823; x_wconf 82' lang='lat' dir='ltr'>cipue</span> <span class='ocrx_word' id='word_1_38' title='bbox 876 1728 1197 1824; x_wconf 90' lang='lat' dir='ltr'>pecudes</span> <span class='ocrx_word' id='word_1_39' title='bbox 1262 1728 1723 1802; x_wconf 92' lang='lat' dir='ltr'>custodiendi</span> <span class='ocrx_word' id='word_1_40' title='bbox 1800 1755 2100 1802; x_wconf 91' lang='lat' dir='ltr'>munere</span> <span class='ocrx_word' id='word_1_41' title='bbox 2174 1730 2466 1802; x_wconf 83' lang='lat' dir='ltr'>functus</span> <span class='ocrx_word' id='word_1_42' title='bbox 2531 1729 2642 1816; x_wconf 91' lang='lat' dir='ltr'>sit,</span> <span class='ocrx_word' id='word_1_43' title='bbox 2670 1727 2719 1830; x_wconf 86' lang='lat'>¹)</span> <span class='ocrx_word' id='word_1_44' title='bbox 2774 1755 2919 1803; x_wconf 90' lang='lat' dir='ltr'>non</span> 
     </span>
     <span class='ocr_line' id='line_1_10' title="bbox 578 1852 2920 1928; baseline 0.001 -3"><span class='ocrx_word' id='word_1_45' title='bbox 578 1852 767 1926; x_wconf 92' lang='lat' dir='ltr'>hanc</span> <span class='ocrx_word' id='word_1_46' title='bbox 826 1855 923 1925; x_wconf 95' lang='lat' dir='ltr'>ob</span> <span class='ocrx_word' id='word_1_47' title='bbox 982 1878 1279 1926; x_wconf 90' lang='lat' dir='ltr'>causam</span> <span class='ocrx_word' id='word_1_48' title='bbox 1337 1853 1409 1926; x_wconf 92' lang='lat' dir='ltr'>in</span> <span class='ocrx_word' id='word_1_49' title='bbox 1465 1868 1576 1927; x_wconf 92' lang='lat' dir='ltr'>tot</span> <span class='ocrx_word' id='word_1_50' title='bbox 1628 1853 1808 1927; x_wconf 93' lang='lat' dir='ltr'>locis</span> <span class='ocrx_word' id='word_1_51' title='bbox 1865 1854 2077 1927; x_wconf 87' lang='lat' dir='ltr'>editis</span> <span class='ocrx_word' id='word_1_52' title='bbox 2134 1856 2371 1928; x_wconf 91' lang='lat' dir='ltr'>cultus</span> <span class='ocrx_word' id='word_1_53' title='bbox 2427 1880 2587 1928; x_wconf 91' lang='lat' dir='ltr'>esse</span> <span class='ocrx_word' id='word_1_54' title='bbox 2623 1855 2920 1928; x_wconf 86' lang='lat' dir='ltr'>videtur.</span> 
     </span>
     <span class='ocr_line' id='line_1_11' title="bbox 582 1979 2921 2076; baseline 0.002 -26"><span class='ocrx_word' id='word_1_55' title='bbox 582 1980 782 2050; x_wconf 89' lang='lat' dir='ltr'>Nam</span> <span class='ocrx_word' id='word_1_56' title='bbox 840 2004 1009 2051; x_wconf 89' lang='lat' dir='ltr'>eum</span> <span class='ocrx_word' id='word_1_57' title='bbox 1067 1992 1368 2075; x_wconf 90' lang='lat' dir='ltr'>propter</span> <span class='ocrx_word' id='word_1_58' title='bbox 1420 1979 1563 2051; x_wconf 93' lang='lat' dir='ltr'>hoc</span> <span class='ocrx_word' id='word_1_59' title='bbox 1630 1979 1957 2052; x_wconf 82' lang='lat' dir='ltr'>officium</span> <span class='ocrx_word' id='word_1_60' title='bbox 2015 1980 2380 2076; x_wconf 78' lang='lat' dir='ltr'>pastorale</span> <span class='ocrx_word' id='word_1_61' title='bbox 2436 1979 2507 2051; x_wconf 91' lang='lat' dir='ltr'>in</span> <span class='ocrx_word' id='word_1_62' title='bbox 2557 1980 2921 2055; x_wconf 89' lang='lat' dir='ltr'>montibus</span> 
     </span>
     <span class='ocr_line' id='line_1_12' title="bbox 580 2103 2920 2202; baseline -0 -25"><span class='ocrx_word' id='word_1_63' title='bbox 580 2104 966 2177; x_wconf 86' lang='lat' dir='ltr'>adoratum</span> <span class='ocrx_word' id='word_1_64' title='bbox 998 2129 1175 2190; x_wconf 89' lang='lat' dir='ltr'>esse,</span> <span class='ocrx_word' id='word_1_65' title='bbox 1196 2103 1467 2200; x_wconf 84' lang='lat' dir='ltr'>pauciS,</span> <span class='ocrx_word' id='word_1_66' title='bbox 1488 2130 1581 2177; x_wconf 92' lang='lat' dir='ltr'>ne</span> <span class='ocrx_word' id='word_1_67' title='bbox 1601 2104 1841 2177; x_wconf 93' lang='lat' dir='ltr'>dicam</span> <span class='ocrx_word' id='word_1_68' title='bbox 1866 2104 2078 2177; x_wconf 92' lang='lat' dir='ltr'>nullis</span> <span class='ocrx_word' id='word_1_69' title='bbox 2099 2103 2525 2177; x_wconf 88' lang='lat' dir='ltr'>testimoniis</span> <span class='ocrx_word' id='word_1_70' title='bbox 2556 2107 2920 2202; x_wconf 83' lang='lat' dir='ltr'>probatur.</span> 
     </span>
    </p>

    <p class='ocr_par' dir='ltr' id='par_1_7' title="bbox 582 2228 2919 3079">
     <span class='ocr_line' id='line_1_13' title="bbox 688 2228 2919 2325; baseline 0 -24"><span class='ocrx_word' id='word_1_71' title='bbox 688 2230 1016 2302; x_wconf 86' lang='lat' dir='ltr'>Primum</span> <span class='ocrx_word' id='word_1_72' title='bbox 1092 2228 1305 2316; x_wconf 90' lang='lat' dir='ltr'>enim,</span> <span class='ocrx_word' id='word_1_73' title='bbox 1387 2230 1591 2325; x_wconf 91' lang='lat' dir='ltr'>quod</span> <span class='ocrx_word' id='word_1_74' title='bbox 1662 2229 1913 2302; x_wconf 90' lang='lat' dir='ltr'>attinet</span> <span class='ocrx_word' id='word_1_75' title='bbox 1967 2230 2061 2302; x_wconf 94' lang='lat' dir='ltr'>ad</span> <span class='ocrx_word' id='word_1_76' title='bbox 2110 2236 2501 2302; x_wconf 75' lang='grc' dir='ltr'><em>Ἀπόλλωνα</em></span> <span class='ocrx_word' id='word_1_77' title='bbox 2550 2236 2919 2316; x_wconf 73' lang='grc' dir='ltr'><strong><em>Μαλεάταν,</em></strong></span> 
     </span>
     <span class='ocr_line' id='line_1_14' title="bbox 583 2349 2917 2453; baseline -0 -26"><span class='ocrx_word' id='word_1_78' title='bbox 583 2354 706 2449; x_wconf 89' lang='lat' dir='ltr'>qui</span> <span class='ocrx_word' id='word_1_79' title='bbox 799 2354 871 2426; x_wconf 92' lang='lat' dir='ltr'>in</span> <span class='ocrx_word' id='word_1_80' title='bbox 926 2354 1306 2450; x_wconf 83' lang='lat' dir='ltr'>Argolidis</span> <span class='ocrx_word' id='word_1_81' title='bbox 1389 2368 1638 2427; x_wconf 93' lang='lat' dir='ltr'>monte</span> <span class='ocrx_word' id='word_1_82' title='bbox 1711 2367 2031 2451; x_wconf 76' lang='grc' dir='ltr'><em>Κυνορτίῳ</em></span> <span class='ocrx_word' id='word_1_83' title='bbox 2097 2354 2453 2450; x_wconf 91' lang='lat' dir='ltr'>templum</span> <span class='ocrx_word' id='word_1_84' title='bbox 2509 2352 2829 2426; x_wconf 88' lang='lat' dir='ltr'>habebat</span> <span class='ocrx_word' id='word_1_85' title='bbox 2854 2349 2917 2453; x_wconf 50' lang='grc' dir='ltr'>ς3),</span> 
     </span>
     <span class='ocr_line' id='line_1_15' title="bbox 582 2478 2919 2576; baseline -0 -25"><span class='ocrx_word' id='word_1_86' title='bbox 582 2479 917 2552; x_wconf 91' lang='lat' dir='ltr'>dubitant</span> <span class='ocrx_word' id='word_1_87' title='bbox 982 2479 1424 2576; x_wconf 82' lang='lat' dir='ltr'>interpreteS,</span> <span class='ocrx_word' id='word_1_88' title='bbox 1478 2481 1791 2553; x_wconf 89' lang='lat' dir='ltr'>lateatne</span> <span class='ocrx_word' id='word_1_89' title='bbox 1847 2479 1917 2551; x_wconf 90' lang='lat' dir='ltr'>in</span> <span class='ocrx_word' id='word_1_90' title='bbox 1973 2480 2116 2552; x_wconf 93' lang='lat' dir='ltr'>hoc</span> <span class='ocrx_word' id='word_1_91' title='bbox 2173 2478 2469 2551; x_wconf 90' lang='lat' dir='ltr'>nomine</span> <span class='ocrx_word' id='word_1_92' title='bbox 2524 2503 2698 2563; x_wconf 57' lang='lat' dir='ltr'>vox⁴</span> <span class='ocrx_word' id='word_1_93' title='bbox 2731 2485 2919 2571; x_wconf 73' lang='grc' dir='ltr'><em>μῆλον</em></span> 
     </span>
     <span class='ocr_line' id='line_1_16' title="bbox 591 2604 2915 2702; baseline 0.002 -31"><span class='ocrx_word' id='word_1_94' title='bbox 591 2631 1014 2702; x_wconf 90' lang='lat' dir='ltr'>«pomum»,</span> <span class='ocrx_word' id='word_1_95' title='bbox 1089 2632 1179 2679; x_wconf 90' lang='lat' dir='ltr'>an</span> <span class='ocrx_word' id='word_1_96' title='bbox 1253 2613 1447 2697; x_wconf 74' lang='grc' dir='ltr'><em>μῆλον</em></span> <span class='ocrx_word' id='word_1_97' title='bbox 1528 2606 1809 2691; x_wconf 87' lang='lat' dir='ltr'>«ovis»;</span> <span class='ocrx_word' id='word_1_98' title='bbox 1902 2606 2018 2678; x_wconf 92' lang='lat' dir='ltr'>alii</span> <span class='ocrx_word' id='word_1_99' title='bbox 2103 2605 2323 2702; x_wconf 84' lang='lat' dir='ltr'>igitur</span> <span class='ocrx_word' id='word_1_100' title='bbox 2404 2605 2605 2677; x_wconf 91' lang='lat' dir='ltr'>illurn</span> <span class='ocrx_word' id='word_1_101' title='bbox 2698 2604 2915 2676; x_wconf 90' lang='lat' dir='ltr'>deum</span> 
     </span>
     <span class='ocr_line' id='line_1_17' title="bbox 583 2728 2916 2828; baseline -0.001 -24"><span class='ocrx_word' id='word_1_102' title='bbox 583 2757 719 2828; x_wconf 90' lang='lat' dir='ltr'>pro</span> <span class='ocrx_word' id='word_1_103' title='bbox 819 2731 1117 2804; x_wconf 91' lang='lat' dir='ltr'>numine</span> <span class='ocrx_word' id='word_1_104' title='bbox 1216 2732 1527 2818; x_wconf 65' lang='lat' dir='ltr'>habent,</span> <span class='ocrx_word' id='word_1_105' title='bbox 1600 2733 1801 2826; x_wconf 86' lang='lat' dir='ltr'>quod</span> <span class='ocrx_word' id='word_1_106' title='bbox 1894 2731 2399 2827; x_wconf 83' lang='lat' dir='ltr'>agriculturae,</span> <span class='ocrx_word' id='word_1_107' title='bbox 2490 2728 2626 2816; x_wconf 88' lang='lat' dir='ltr'>alii,</span> <span class='ocrx_word' id='word_1_108' title='bbox 2718 2728 2916 2824; x_wconf 90' lang='lat' dir='ltr'>quod</span> 
     </span>
     <span class='ocr_line' id='line_1_18' title="bbox 584 2853 2914 2955; baseline -0.001 -26"><span class='ocrx_word' id='word_1_109' title='bbox 584 2856 991 2953; x_wconf 90' lang='lat' dir='ltr'>pecudibus</span> <span class='ocrx_word' id='word_1_110' title='bbox 1126 2856 1365 2928; x_wconf 82' lang='lat' dir='ltr'>faveat</span> <span class='ocrx_word' id='word_1_111' title='bbox 1419 2853 1488 2955; x_wconf 89' lang='lat'>3).</span> <span class='ocrx_word' id='word_1_112' title='bbox 1617 2858 1766 2929; x_wconf 85' lang='lat' dir='ltr'>Sed</span> <span class='ocrx_word' id='word_1_113' title='bbox 1885 2856 2029 2928; x_wconf 91' lang='lat' dir='ltr'>iarn</span> <span class='ocrx_word' id='word_1_114' title='bbox 2148 2882 2212 2927; x_wconf 90' lang='lat' dir='ltr'>v.</span> <span class='ocrx_word' id='word_1_115' title='bbox 2331 2853 2914 2928; x_wconf 82' lang='lat' dir='ltr'>Wilamowitz—</span> 
     </span>
     <span class='ocr_line' id='line_1_19' title="bbox 585 2978 2919 3079; baseline -0.001 -25"><span class='ocrx_word' id='word_1_116' title='bbox 585 2982 1103 3076; x_wconf 83' lang='lat' dir='ltr'>Moellendorff</span> <span class='ocrx_word' id='word_1_117' title='bbox 1156 2978 1206 3079; x_wconf 75' lang='lat'>4)</span> <span class='ocrx_word' id='word_1_118' title='bbox 1290 2981 1631 3077; x_wconf 87' lang='lat' dir='ltr'>probavit</span> <span class='ocrx_word' id='word_1_119' title='bbox 1706 2993 1812 3053; x_wconf 79' lang='grc' dir='ltr'>τὸν</span> <span class='ocrx_word' id='word_1_120' title='bbox 1881 2987 2238 3052; x_wconf 67' lang='grc' dir='ltr'><em>Μαλε-άταν</em></span> <span class='ocrx_word' id='word_1_121' title='bbox 2312 2980 2635 3076; x_wconf 89' lang='lat' dir='ltr'>priscum</span> <span class='ocrx_word' id='word_1_122' title='bbox 2701 2979 2919 3053; x_wconf 86' lang='lat' dir='ltr'>fuisse</span> 
     </span>
    </p>
   </div>
   <div class='ocr_carea' id='block_1_7' title="bbox 582 3127 1006 3135">
    <p class='ocr_par' dir='ltr' id='par_1_8' title="bbox 582 3127 1006 3135">
     <span class='ocr_line' id='line_1_20' title="bbox 582 3127 1006 3135; baseline 0 1979"><span class='ocrx_word' id='word_1_123' title='bbox 582 3127 1006 3135; x_wconf 95' lang='lat' dir='ltr'> </span> 
     </span>
    </p>
   </div>
   <div class='ocr_carea' id='block_1_8' title="bbox 580 3194 2959 4445">
    <p class='ocr_par' dir='ltr' id='par_1_9' title="bbox 582 3194 2920 3540">
     <span class='ocr_line' id='line_1_21' title="bbox 661 3194 2919 3265; baseline -0.002 -20"><span class='ocrx_word' id='word_1_124' title='bbox 661 3201 705 3258; x_wconf 89' lang='lat'>1)</span> <span class='ocrx_word' id='word_1_125' title='bbox 742 3199 818 3246; x_wconf 91' lang='lat' dir='ltr'>Cf.</span> <span class='ocrx_word' id='word_1_126' title='bbox 876 3213 920 3247; x_wconf 86' lang='lat' dir='ltr'>e.</span> <span class='ocrx_word' id='word_1_127' title='bbox 956 3214 1002 3260; x_wconf 84' lang='lat' dir='ltr'>g.</span> <span class='ocrx_word' id='word_1_128' title='bbox 1058 3198 1120 3245; x_wconf 85' lang='lat' dir='ltr'>E.</span> <span class='ocrx_word' id='word_1_129' title='bbox 1161 3197 1355 3258; x_wconf 83' lang='lat' dir='ltr'>Meyer,</span> <span class='ocrx_word' id='word_1_130' title='bbox 1397 3196 1575 3244; x_wconf 88' lang='lat' dir='ltr'>Gesch.</span> <span class='ocrx_word' id='word_1_131' title='bbox 1616 3198 1665 3246; x_wconf 91' lang='lat' dir='ltr'>d.</span> <span class='ocrx_word' id='word_1_132' title='bbox 1704 3196 1922 3245; x_wconf 85' lang='lat' dir='ltr'>Alterth.</span> <span class='ocrx_word' id='word_1_133' title='bbox 1961 3197 2029 3245; x_wconf 93' lang='grc' dir='ltr'>ΙΙ.</span> <span class='ocrx_word' id='word_1_134' title='bbox 2079 3195 2202 3265; x_wconf 82' lang='lat'>106:</span> <span class='ocrx_word' id='word_1_135' title='bbox 2248 3195 2379 3254; x_wconf 88' lang='lat' dir='ltr'>„Die</span> <span class='ocrx_word' id='word_1_136' title='bbox 2414 3194 2618 3244; x_wconf 66' lang='lat' dir='ltr'>nachste</span> <span class='ocrx_word' id='word_1_137' title='bbox 2655 3196 2799 3244; x_wconf 88' lang='lat' dir='ltr'>Stufe</span> <span class='ocrx_word' id='word_1_138' title='bbox 2836 3195 2919 3242; x_wconf 91' lang='lat' dir='ltr'>der</span> 
     </span>
     <span class='ocr_line' id='line_1_22' title="bbox 583 3283 2920 3348; baseline -0.002 -13"><span class='ocrx_word' id='word_1_139' title='bbox 583 3287 758 3336; x_wconf 89' lang='lat' dir='ltr'>Cultur</span> <span class='ocrx_word' id='word_1_140' title='bbox 811 3286 1109 3334; x_wconf 83' lang='lat' dir='ltr'>bezeichnen</span> <span class='ocrx_word' id='word_1_141' title='bbox 1165 3286 1245 3332; x_wconf 88' lang='lat' dir='ltr'>die</span> <span class='ocrx_word' id='word_1_142' title='bbox 1285 3285 1647 3348; x_wconf 72' lang='lat' dir='ltr'>Hirtengotter,</span> <span class='ocrx_word' id='word_1_143' title='bbox 1699 3302 1787 3333; x_wconf 88' lang='lat' dir='ltr'>vor</span> <span class='ocrx_word' id='word_1_144' title='bbox 1823 3285 1968 3333; x_wconf 87' lang='lat' dir='ltr'>allem</span> <span class='ocrx_word' id='word_1_145' title='bbox 2007 3283 2251 3348; x_wconf 85' lang='lat' dir='ltr'>Apollon‚</span> <span class='ocrx_word' id='word_1_146' title='bbox 2290 3283 2378 3332; x_wconf 90' lang='lat' dir='ltr'>der</span> <span class='ocrx_word' id='word_1_147' title='bbox 2415 3284 2540 3332; x_wconf 90' lang='lat' dir='ltr'>Gott</span> <span class='ocrx_word' id='word_1_148' title='bbox 2576 3284 2664 3332; x_wconf 88' lang='lat' dir='ltr'>der</span> <span class='ocrx_word' id='word_1_149' title='bbox 2703 3284 2920 3332; x_wconf 88' lang='lat' dir='ltr'>Weiden</span> 
     </span>
     <span class='ocr_line' id='line_1_23' title="bbox 582 3372 2919 3446; baseline 0.001 -23"><span class='ocrx_word' id='word_1_150' title='bbox 582 3377 685 3424; x_wconf 88' lang='lat' dir='ltr'>und</span> <span class='ocrx_word' id='word_1_151' title='bbox 740 3377 948 3432; x_wconf 61' lang='lat' dir='ltr'>Tristem</span> <span class='ocrx_word' id='word_1_152' title='bbox 988 3376 1077 3423; x_wconf 91' lang='lat' dir='ltr'>der</span> <span class='ocrx_word' id='word_1_153' title='bbox 1115 3375 1332 3422; x_wconf 51' lang='lat' dir='ltr'>NVidder</span> <span class='ocrx_word' id='word_1_154' title='bbox 1376 3376 1479 3422; x_wconf 82' lang='lat' dir='ltr'>und</span> <span class='ocrx_word' id='word_1_155' title='bbox 1516 3372 1732 3423; x_wconf 81' lang='lat' dir='ltr'>Schafe&#39;’</span> <span class='ocrx_word' id='word_1_156' title='bbox 1769 3374 2011 3445; x_wconf 75' lang='grc' dir='ltr'>(νόμιος,</span> <span class='ocrx_word' id='word_1_157' title='bbox 2054 3376 2310 3434; x_wconf 75' lang='grc' dir='ltr'><em>ναπαῖος,</em></span> <span class='ocrx_word' id='word_1_158' title='bbox 2357 3376 2628 3446; x_wconf 60' lang='lat' dir='ltr'>umere-foc,</span> <span class='ocrx_word' id='word_1_159' title='bbox 2668 3374 2919 3444; x_wconf 75' lang='grc' dir='ltr'><strong><em>μαλόεις,</em></strong></span> 
     </span>
     <span class='ocr_line' id='line_1_24' title="bbox 582 3468 2069 3540; baseline -0.001 -22"><span class='ocrx_word' id='word_1_160' title='bbox 582 3471 703 3518; x_wconf 91' lang='lat' dir='ltr'>oder</span> <span class='ocrx_word' id='word_1_161' title='bbox 742 3470 1073 3540; x_wconf 77' lang='grc' dir='ltr'>μαλεάτας).</span> <span class='ocrx_word' id='word_1_162' title='bbox 1114 3469 1192 3518; x_wconf 84' lang='lat' dir='ltr'>Cf.</span> <span class='ocrx_word' id='word_1_163' title='bbox 1232 3470 1380 3516; x_wconf 83' lang='lat' dir='ltr'>etiam</span> <span class='ocrx_word' id='word_1_164' title='bbox 1419 3485 1531 3533; x_wconf 86' lang='lat' dir='ltr'>pag.</span> <span class='ocrx_word' id='word_1_165' title='bbox 1574 3479 1637 3530; x_wconf 86' lang='lat'>97</span> <span class='ocrx_word' id='word_1_166' title='bbox 1680 3469 1902 3515; x_wconf 90' lang='lat' dir='ltr'>eiusdem</span> <span class='ocrx_word' id='word_1_167' title='bbox 1942 3468 2069 3517; x_wconf 89' lang='lat' dir='ltr'>libri.</span> 
     </span>
    </p>

    <p class='ocr_par' dir='ltr' id='par_1_10' title="bbox 580 3562 2919 4083">
     <span class='ocr_line' id='line_1_25' title="bbox 654 3562 2916 3629; baseline -0.002 -15"><span class='ocrx_word' id='word_1_168' title='bbox 654 3567 809 3614; x_wconf 84' lang='lat' dir='ltr'>Haud</span> <span class='ocrx_word' id='word_1_169' title='bbox 867 3565 1066 3629; x_wconf 87' lang='lat' dir='ltr'>illepide</span> <span class='ocrx_word' id='word_1_170' title='bbox 1103 3572 1271 3612; x_wconf 85' lang='lat' dir='ltr'>tamen</span> <span class='ocrx_word' id='word_1_171' title='bbox 1308 3566 1598 3613; x_wconf 87' lang='lat' dir='ltr'>Macrobius</span> <span class='ocrx_word' id='word_1_172' title='bbox 1637 3564 1903 3612; x_wconf 87' lang='lat' dir='ltr'>coniecisse</span> <span class='ocrx_word' id='word_1_173' title='bbox 1939 3564 2062 3611; x_wconf 91' lang='lat' dir='ltr'>mihi</span> <span class='ocrx_word' id='word_1_174' title='bbox 2100 3564 2296 3611; x_wconf 88' lang='lat' dir='ltr'>videtur</span> <span class='ocrx_word' id='word_1_175' title='bbox 2327 3562 2546 3611; x_wconf 87' lang='lat' dir='ltr'>officium</span> <span class='ocrx_word' id='word_1_176' title='bbox 2595 3564 2718 3612; x_wconf 87' lang='lat' dir='ltr'>illud</span> <span class='ocrx_word' id='word_1_177' title='bbox 2754 3571 2916 3628; x_wconf 86' lang='lat' dir='ltr'>pasto·</span> 
     </span>
     <span class='ocr_line' id='line_1_26' title="bbox 580 3650 2918 3717; baseline -0.002 -13"><span class='ocrx_word' id='word_1_178' title='bbox 580 3656 754 3704; x_wconf 86' lang='lat' dir='ltr'>ricium</span> <span class='ocrx_word' id='word_1_179' title='bbox 811 3671 911 3703; x_wconf 90' lang='lat' dir='ltr'>non</span> <span class='ocrx_word' id='word_1_180' title='bbox 967 3656 1061 3702; x_wconf 88' lang='lat' dir='ltr'>nisi</span> <span class='ocrx_word' id='word_1_181' title='bbox 1114 3655 1340 3716; x_wconf 77' lang='lat' dir='ltr'>exiguam</span> <span class='ocrx_word' id='word_1_182' title='bbox 1398 3670 1506 3701; x_wconf 91' lang='lat' dir='ltr'>esse</span> <span class='ocrx_word' id='word_1_183' title='bbox 1562 3662 1752 3717; x_wconf 83' lang='lat' dir='ltr'>partem</span> <span class='ocrx_word' id='word_1_184' title='bbox 1807 3653 2026 3701; x_wconf 89' lang='lat' dir='ltr'>muneris</span> <span class='ocrx_word' id='word_1_185' title='bbox 2084 3653 2166 3700; x_wconf 88' lang='lat' dir='ltr'>dei</span> <span class='ocrx_word' id='word_1_186' title='bbox 2210 3652 2409 3701; x_wconf 85' lang='lat' dir='ltr'>solaris:</span> <span class='ocrx_word' id='word_1_187' title='bbox 2469 3652 2591 3713; x_wconf 86' lang='lat' dir='ltr'>(Sat.</span> <span class='ocrx_word' id='word_1_188' title='bbox 2628 3653 2655 3699; x_wconf 94' lang='lat' dir='ltr'>I</span> <span class='ocrx_word' id='word_1_189' title='bbox 2699 3662 2779 3712; x_wconf 90' lang='lat'>17,</span> <span class='ocrx_word' id='word_1_190' title='bbox 2813 3650 2918 3715; x_wconf 88' lang='lat'><strong>43.)</strong></span> 
     </span>
     <span class='ocr_line' id='line_1_27' title="bbox 582 3740 2916 3814; baseline -0.004 -17"><span class='ocrx_word' id='word_1_191' title='bbox 582 3744 851 3814; x_wconf 77' lang='grc' dir='ltr'><strong><em>,,Νόμιον</em></strong></span> <span class='ocrx_word' id='word_1_192' title='bbox 910 3744 1245 3796; x_wconf 76' lang='grc' dir='ltr'>Ἀπόλλωνα</span> <span class='ocrx_word' id='word_1_193' title='bbox 1302 3744 1789 3806; x_wconf 87' lang='lat' dir='ltr'>cognominaverunt,</span> <span class='ocrx_word' id='word_1_194' title='bbox 1855 3757 1954 3790; x_wconf 90' lang='lat' dir='ltr'>non</span> <span class='ocrx_word' id='word_1_195' title='bbox 2012 3758 2071 3789; x_wconf 77' lang='lat' dir='ltr'>ex</span> <span class='ocrx_word' id='word_1_196' title='bbox 2126 3740 2293 3790; x_wconf 88' lang='lat' dir='ltr'>officio</span> <span class='ocrx_word' id='word_1_197' title='bbox 2347 3740 2583 3805; x_wconf 86' lang='lat' dir='ltr'>pastorali</span> <span class='ocrx_word' id='word_1_198' title='bbox 2640 3750 2690 3790; x_wconf 91' lang='lat' dir='ltr'>et</span> <span class='ocrx_word' id='word_1_199' title='bbox 2743 3740 2916 3796; x_wconf 86' lang='lat' dir='ltr'>fabula,</span> 
     </span>
     <span class='ocr_line' id='line_1_28' title="bbox 581 3836 2919 3905; baseline -0.003 -16"><span class='ocrx_word' id='word_1_200' title='bbox 581 3857 668 3905; x_wconf 92' lang='lat' dir='ltr'>per</span> <span class='ocrx_word' id='word_1_201' title='bbox 703 3856 854 3904; x_wconf 86' lang='lat' dir='ltr'>quam</span> <span class='ocrx_word' id='word_1_202' title='bbox 894 3839 1092 3902; x_wconf 83' lang='lat' dir='ltr'>fingitur</span> <span class='ocrx_word' id='word_1_203' title='bbox 1129 3839 1337 3887; x_wconf 85' lang='lat' dir='ltr'>Admeti</span> <span class='ocrx_word' id='word_1_204' title='bbox 1371 3839 1498 3901; x_wconf 86' lang='lat' dir='ltr'>regis</span> <span class='ocrx_word' id='word_1_205' title='bbox 1534 3854 1716 3902; x_wconf 90' lang='lat' dir='ltr'>pecora</span> <span class='ocrx_word' id='word_1_206' title='bbox 1753 3838 1966 3902; x_wconf 89' lang='lat' dir='ltr'>pavisse,</span> <span class='ocrx_word' id='word_1_207' title='bbox 2007 3838 2096 3885; x_wconf 89' lang='lat' dir='ltr'>sed</span> <span class='ocrx_word' id='word_1_208' title='bbox 2132 3839 2248 3900; x_wconf 86' lang='lat' dir='ltr'>quia</span> <span class='ocrx_word' id='word_1_209' title='bbox 2284 3836 2359 3884; x_wconf 90' lang='lat' dir='ltr'>sol</span> <span class='ocrx_word' id='word_1_210' title='bbox 2396 3836 2556 3901; x_wconf 85' lang='lat' dir='ltr'>pascit</span> <span class='ocrx_word' id='word_1_211' title='bbox 2593 3837 2778 3895; x_wconf 90' lang='lat' dir='ltr'>omnia,</span> <span class='ocrx_word' id='word_1_212' title='bbox 2798 3849 2919 3900; x_wconf 84' lang='lat' dir='ltr'>quae</span> 
     </span>
     <span class='ocr_line' id='line_1_29' title="bbox 583 3927 2915 3994; baseline -0.003 -15"><span class='ocrx_word' id='word_1_213' title='bbox 583 3940 707 3979; x_wconf 88' lang='lat' dir='ltr'>terra</span> <span class='ocrx_word' id='word_1_214' title='bbox 747 3936 1065 3994; x_wconf 84' lang='lat' dir='ltr'>progenerat:</span> <span class='ocrx_word' id='word_1_215' title='bbox 1106 3928 1237 3975; x_wconf 90' lang='lat' dir='ltr'>unde</span> <span class='ocrx_word' id='word_1_216' title='bbox 1280 3943 1381 3974; x_wconf 90' lang='lat' dir='ltr'>non</span> <span class='ocrx_word' id='word_1_217' title='bbox 1420 3928 1565 3975; x_wconf 86' lang='lat' dir='ltr'>unius</span> <span class='ocrx_word' id='word_1_218' title='bbox 1603 3928 1812 3989; x_wconf 82' lang='lat' dir='ltr'>generis,</span> <span class='ocrx_word' id='word_1_219' title='bbox 1851 3927 1940 3976; x_wconf 89' lang='lat' dir='ltr'>sed</span> <span class='ocrx_word' id='word_1_220' title='bbox 1977 3927 2201 3974; x_wconf 89' lang='lat' dir='ltr'>omnium</span> <span class='ocrx_word' id='word_1_221' title='bbox 2238 3942 2472 3990; x_wconf 89' lang='lat' dir='ltr'>pecorum</span> <span class='ocrx_word' id='word_1_222' title='bbox 2510 3934 2682 3990; x_wconf 86' lang='lat' dir='ltr'>pastor</span> <span class='ocrx_word' id='word_1_223' title='bbox 2716 3928 2915 3983; x_wconf 88' lang='lat' dir='ltr'>canitur,</span> 
     </span>
     <span class='ocr_line' id='line_1_30' title="bbox 582 4004 1663 4083; baseline -0.004 -16"><span class='ocrx_word' id='word_1_224' title='bbox 582 4029 637 4068; x_wconf 91' lang='lat' dir='ltr'>ut</span> <span class='ocrx_word' id='word_1_225' title='bbox 666 4020 800 4083; x_wconf 88' lang='lat' dir='ltr'>apud</span> <span class='ocrx_word' id='word_1_226' title='bbox 835 4004 1117 4065; x_wconf 83' lang='lat' dir='ltr'>Homerum</span> <span class='ocrx_word' id='word_1_227' title='bbox 1155 4017 1398 4080; x_wconf 90' lang='lat' dir='ltr'>Neptuno</span> <span class='ocrx_word' id='word_1_228' title='bbox 1436 4016 1663 4064; x_wconf 84' lang='lat' dir='ltr'>dicente:</span> 
     </span>
    </p>

    <p class='ocr_par' dir='ltr' id='par_1_11' title="bbox 927 4102 2595 4177">
     <span class='ocr_line' id='line_1_31' title="bbox 927 4102 2595 4177; baseline -0.002 -19"><span class='ocrx_word' id='word_1_229' title='bbox 927 4103 1118 4177; x_wconf 78' lang='grc' dir='ltr'><em>Φοῖβε,</em></span> <span class='ocrx_word' id='word_1_230' title='bbox 1161 4104 1235 4158; x_wconf 79' lang='grc' dir='ltr'><em>σύ</em></span> <span class='ocrx_word' id='word_1_231' title='bbox 1277 4102 1327 4158; x_wconf 79' lang='grc' dir='ltr'>δ’</span> <span class='ocrx_word' id='word_1_232' title='bbox 1351 4102 1652 4166; x_wconf 81' lang='grc' dir='ltr'><strong><em>εἰλίποδας</em></strong></span> <span class='ocrx_word' id='word_1_233' title='bbox 1694 4102 1891 4166; x_wconf 77' lang='grc' dir='ltr'><strong><em>ἕλικας</em></strong></span> <span class='ocrx_word' id='word_1_234' title='bbox 1934 4103 2072 4176; x_wconf 80' lang='grc' dir='ltr'><strong><em>βοῦς</em></strong></span> <span class='ocrx_word' id='word_1_235' title='bbox 2113 4103 2595 4174; x_wconf 76' lang='grc' dir='ltr'><strong><em>βουκολέεσκες.”</em></strong></span> 
     </span>
    </p>

    <p class='ocr_par' dir='ltr' id='par_1_12' title="bbox 656 4202 1275 4264">
     <span class='ocr_line' id='line_1_32' title="bbox 656 4202 1275 4264; baseline 0 -14"><span class='ocrx_word' id='word_1_236' title='bbox 656 4206 703 4264; x_wconf 90' lang='lat'>2)</span> <span class='ocrx_word' id='word_1_237' title='bbox 740 4203 817 4252; x_wconf 84' lang='lat' dir='ltr'>Cf.</span> <span class='ocrx_word' id='word_1_238' title='bbox 857 4205 1005 4251; x_wconf 89' lang='lat' dir='ltr'>Paus.</span> <span class='ocrx_word' id='word_1_239' title='bbox 1044 4202 1097 4248; x_wconf 93' lang='lat' dir='ltr'>II</span> <span class='ocrx_word' id='word_1_240' title='bbox 1139 4210 1275 4262; x_wconf 87' lang='lat'><strong><em>27‚7.</em></strong></span> 
     </span>
    </p>

    <p class='ocr_par' dir='ltr' id='par_1_13' title="bbox 654 4290 1391 4353">
     <span class='ocr_line' id='line_1_33' title="bbox 654 4290 1391 4353; baseline -0.003 -14"><span class='ocrx_word' id='word_1_241' title='bbox 654 4292 708 4353; x_wconf 68' lang='lat'>3)</span> <span class='ocrx_word' id='word_1_242' title='bbox 748 4292 923 4348; x_wconf 78' lang='lat' dir='ltr'>wide,</span> <span class='ocrx_word' id='word_1_243' title='bbox 960 4291 1087 4341; x_wconf 82' lang='lat' dir='ltr'>Lak.</span> <span class='ocrx_word' id='word_1_244' title='bbox 1125 4290 1272 4340; x_wconf 83' lang='lat' dir='ltr'>Kult.</span> <span class='ocrx_word' id='word_1_245' title='bbox 1306 4303 1391 4351; x_wconf 89' lang='lat'>92.</span> 
     </span>
    </p>

    <p class='ocr_par' dir='ltr' id='par_1_14' title="bbox 654 4376 2959 4445">
     <span class='ocr_line' id='line_1_34' title="bbox 654 4376 2959 4445; baseline -0.001 -16"><span class='ocrx_word' id='word_1_246' title='bbox 654 4385 704 4444; x_wconf 88' lang='lat'>4)</span> <span class='ocrx_word' id='word_1_247' title='bbox 742 4383 809 4429; x_wconf 89' lang='lat' dir='ltr'>U.</span> <span class='ocrx_word' id='word_1_248' title='bbox 849 4397 896 4429; x_wconf 92' lang='lat' dir='ltr'>v.</span> <span class='ocrx_word' id='word_1_249' title='bbox 937 4380 1356 4440; x_wconf 87' lang='lat' dir='ltr'>Wilam.-Moell.,</span> <span class='ocrx_word' id='word_1_250' title='bbox 1395 4380 1533 4445; x_wconf 86' lang='lat' dir='ltr'>Isyll.</span> <span class='ocrx_word' id='word_1_251' title='bbox 1553 4396 1601 4429; x_wconf 87' lang='lat' dir='ltr'>v.</span> <span class='ocrx_word' id='word_1_252' title='bbox 1627 4380 1777 4444; x_wconf 87' lang='lat' dir='ltr'>Epid.</span> <span class='ocrx_word' id='word_1_253' title='bbox 1798 4396 1849 4445; x_wconf 87' lang='lat' dir='ltr'>p.</span> <span class='ocrx_word' id='word_1_254' title='bbox 1872 4380 1935 4441; x_wconf 85' lang='lat'>98</span> <span class='ocrx_word' id='word_1_255' title='bbox 1959 4396 2032 4444; x_wconf 88' lang='lat' dir='ltr'>sq.</span> <span class='ocrx_word' id='word_1_256' title='bbox 2057 4380 2134 4444; x_wconf 83' lang='lat' dir='ltr'>Cf.</span> <span class='ocrx_word' id='word_1_257' title='bbox 2158 4381 2229 4429; x_wconf 87' lang='lat' dir='ltr'>H.</span> <span class='ocrx_word' id='word_1_258' title='bbox 2249 4379 2458 4437; x_wconf 88' lang='lat' dir='ltr'>Usener,</span> <span class='ocrx_word' id='word_1_259' title='bbox 2482 4380 2711 4429; x_wconf 59' lang='lat' dir='ltr'>Gettern.</span> <span class='ocrx_word' id='word_1_260' title='bbox 2739 4376 2851 4442; x_wconf 86' lang='lat'>146.</span> <span class='ocrx_word' id='word_1_261' title='bbox 2954 4427 2959 4434; x_wconf 75' lang='grc'>,</span> 
     </span>
    </p>
   </div>
   <div class='ocr_carea' id='block_1_9' title="bbox 3117 0 3122 5088">
    <p class='ocr_par' dir='ltr' id='par_1_15' title="bbox 3117 0 3122 5088">
     <span class='ocr_line' id='line_1_35' title="bbox 3117 0 3122 5088; baseline 0 0"><span class='ocrx_word' id='word_1_262' title='bbox 3117 0 3122 5088; x_wconf 95' lang='lat' dir='ltr'> </span> 
     </span>
    </p>
   </div>
  </div>
 </body>
</html>
