3144 5114
1653 472 1744 542 24

528 663 943 739 ficationem
1001 689 1170 737 eum
1226 664 1651 738 habendum
1710 690 1889 750 esse,
1944 663 2385 763 Steudingio
2422 665 2776 738 assentior
2797 663 2865 765 1).

631 789 836 863 Idem
921 801 1186 876 autem,
1265 791 1469 886 quod
1551 791 1648 864 de
1728 790 2025 862 Atlante
2088 789 2445 885 perhibui,
2499 791 2719 864 etiam
2777 792 2866 865 de

525 916 837 988 Tantalo
896 916 1156 1001 valere,
1210 941 1343 1011 per
1394 941 1476 990 se
1505 903 1962 1017 intelleg'itur.
2020 917 2220 988 Nam
2258 916 2543 990 Tantali
2574 942 2868 1013 quoque

525 1066 796 1114 nomen
851 1067 940 1114 ex
994 1039 1219 1137 stirpe
1266 1046 1385 1110 τλα
1431 1056 1673 1115 ortum
1721 1057 1848 1131 est,
1901 1043 2020 1115 hic
2052 1067 2352 1138 quoque
2381 1043 2608 1115 modo
2640 1068 2865 1129 monS‚

529 1168 755 1240 modo
837 1167 1055 1240 heros
1136 1181 1459 1254 vocatur,
1539 1194 1675 1241 nec
1750 1194 1898 1241 non
1960 1194 2190 1265 grave
2237 1168 2619 1263 quoddam
2688 1194 2867 1242 onus

523 1291 847 1366 humeris
927 1292 1283 1366 sustinere
1363 1293 1631 1367 dicitur
1663 1292 1733 1393 2).
1819 1296 2089 1390 Neque
2178 1293 2400 1390 igitur
2479 1293 2623 1367 hoc
2704 1295 2866 1368 loco

527 1417 964 1515 Steudingio
1021 1417 1437 1515 adstipuler,
1493 1419 1621 1515 qui
1676 1420 1772 1492 de
1823 1419 2134 1492 Tantalo
2189 1419 2389 1492 haud
2418 1419 2623 1493 aliter
2650 1445 2866 1516 quam

526 1544 622 1616 de
693 1543 990 1617 Atlante
1062 1542 1409 1631 iudicans,
1488 1546 1879 1618 Tantalum
1954 1570 2256 1641 quoque
2311 1544 2579 1619 montis
2632 1570 2870 1644 perso-

527 1668 1020 1743 nificationem
1077 1696 1237 1745 esse
1289 1669 1659 1767 perhibuit
1694 1665 1765 1767 3).

528 1880 531 1883 ,
634 1796 857 1888 Quod
922 1808 1164 1869 autem
1222 1797 1318 1869 ad
1375 1809 1656 1870 ceteros
1684 1796 1980 1869 heroes:
2037 1794 2549 1871 Cithaeronem
2583 1797 2871 1870 Helico-

527 1946 695 1995 nem
751 1923 1143 1995 Ardettum
1192 1925 1631 1996 Parnassum
1663 1921 1993 2018 aliosque
2020 1924 2116 1995 ab
2144 1923 2408 1995 eodem
2439 1923 2869 2021 Steudingio

528 2045 803 2133 allatos,
859 2046 1112 2120 attinet
1146 2043 1216 2145 4),
1272 2072 1400 2120 eos
1456 2072 1713 2120 omnes
1770 2073 1847 2120 re
1901 2073 2074 2121 vera
2129 2074 2174 2120 a
2228 2047 2601 2124 montibus
2656 2050 2872 2123 deno-

530 2170 843 2246 minatos
901 2197 1061 2246 esse
1114 2172 1234 2244 vix
1288 2172 1638 2269 denegari
1694 2186 1953 2268 potest.
2011 2172 2317 2246 Minime
2351 2173 2687 2271 profecto
2716 2174 2871 2249 talis

531 2311 815 2370 montes
861 2296 1427 2393 personificandi
1457 2299 1917 2372 consuetudo
1948 2325 1993 2371 a
2020 2301 2477 2374 Graecorum
2509 2300 2869 2374 mentibus

529 2421 763 2495 aliena
859 2421 1012 2495 fuit.
1075 2423 1286 2515 Quae
1349 2423 1648 2519 quidem
1706 2449 1820 2497 res
1875 2424 2074 2497 nullo
2131 2425 2358 2498 modo
2416 2425 2654 2523 magis
2707 2451 2871 2499 con-

528 2548 785 2646 spicua
839 2547 1033 2624 facta
1086 2564 1212 2636 est,
1269 2575 1491 2646 quam
1537 2577 1641 2623 vex
1677 2549 1781 2637 iis,
1820 2576 2011 2646 quae
2046 2550 2289 2624 studia
2316 2550 2872 2648 archaeologica

531 2700 667 2749 nos
748 2675 1176 2748 docuerunt.
1261 2676 1374 2747 Fr.
1456 2673 1813 2749 Wieseler
1847 2673 1898 2774 5)
1955 2675 2147 2748 enim
2205 2675 2485 2773 primus
2542 2677 2868 2750 omnium

531 2802 893 2898 permulta
948 2800 1245 2897 collegit
1298 2801 1735 2898 anaglypha,
1791 2827 1981 2897 quae
2036 2827 2426 2898 personam
2483 2804 2871 2898 quendam,

532 2926 776 3024 quiete
806 2926 877 2999 in
910 2939 1159 3000 monte
1187 2926 1584 3013 sedentem,
1614 2952 2038 3023 expressum
2068 2928 2439 3001 habebant
2457 2928 2871 3025 quibusque

532 3172 831 3222 sententiam
869 3169 1163 3219 firmandam
1202 3170 1351 3230 Διός
1390 3171 1689 3231 cognomina
1746 3170 2064 3231 Ταλειίῑας
2109 3170 2386 3232 Tui-10:503
2429 3170 2628 3232 Τάλως
2668 3173 2869 3230 confert,

530 3284 657 3333 quae
712 3268 881 3316 omnia
935 3268 998 3315 ab
1037 3267 1210 3316 eadem
1246 3269 1399 3332 stirpe
1437 3267 1562 3334 τλα,
1604 3285 1665 3317 ex
1701 3283 1799 3331 qua
1838 3267 2058 3328 ''Atlag
2097 3276 2235 3316 ortus
2274 3275 2365 3324 est,
2388 3267 2629 3316 deducere
2650 3275 2868 3316 conatur.

531 3364 634 3413 Sed
669 3378 730 3411 ea
766 3363 935 3427 potius
971 3377 1087 3411 cum
1108 3364 1261 3412 verbo
1301 3363 1496 3420 θάλλω
1538 3365 1799 3415 cohaerere
1837 3366 1980 3413 certis
2000 3364 2301 3427 argumentis
2322 3363 2394 3411 H.
2414 3362 2612 3411 Usener
2631 3363 2869 3424 (Gottern.

539 3475 637 3525 130
673 3468 724 3509 et
769 3457 887 3527 134)
925 3460 1172 3525 probavit.

458 3544 465 3552 ’
610 3553 655 3612 1)
710 3551 953 3613 Steuding
1007 3551 1059 3599 in
1106 3550 1300 3599 Rosch.
1348 3554 1498 3604 Ausf.
1544 3553 1666 3600 Lex.
1705 3553 1759 3599 11
1798 3564 1934 3612 2109
1977 3551 2121 3608 „Vor
2157 3550 2302 3610 allem
2340 3548 2460 3597 aber
2498 3548 2694 3598 scheint
2728 3548 2871 3597 Atlas

532 3642 688 3691 selbst
724 3639 1065 3705 urspriinglich
1101 3656 1192 3688 nur
1227 3640 1336 3689 eine
1374 3641 1763 3706 Verkorperung
1798 3641 1886 3689 der
1923 3639 2022 3688 den
2059 3638 2284 3687 Himmel
2322 3638 2586 3687 scheinbar
2606 3638 2872 3702 tragenden

532 3733 692 3793 Berge
730 3746 792 3778 zu
828 3729 986 3778 sein.”

607 3821 659 3882 2)
716 3820 798 3867 De
835 3827 1056 3868 veterum
1095 3819 1407 3877 testimoniis,
1439 3835 1565 3882 quae
1602 3818 1701 3868 huc
1730 3820 1996 3883 pertinent,
2035 3817 2149 3866 vide
2188 3817 2384 3866 Rosch.
2421 3820 2490 3865 A.
2530 3819 2591 3865 L.
2627 3818 2682 3865 II
2722 3830 2870 3865 2110.

605 3910 656 3971 3)
696 3910 788 3972 „In
826 3908 931 3957 ihm
971 3906 1255 3975 (Tantalos)
1275 3924 1390 3971 mag
1404 3908 1588 3973 jedoch
1617 3907 1875 3973 spezieller
1908 3908 1995 3956 der
2014 3908 2096 3955 bei
2116 3905 2463 3955 vulkanischer
2479 3906 2873 3968 Erschiitterung

532 3998 769 4047 Einsturz
826 3997 1084 4046 drohende
1123 3997 1291 4062 Gipfel
1327 3998 1416 4047 des
1462 4000 1645 4061 Berges
1694 3996 1897 4062 Sipylos
1934 3997 2223 4062 verkorpert
2260 3998 2468 4046 worden
2503 3997 2662 4045 sein.”
2700 3995 2870 4045 Steud.

533 4090 607 4138 R.
644 4090 712 4138 A.
752 4089 813 4135 L.
852 4087 905 4134 II
946 4100 1100 4139 2110.

605 4178 661 4241 4)
700 4176 893 4228 Rosch.
930 4179 999 4225 A.
1037 4178 1097 4224 L.
1135 4177 1191 4224 II
1231 4189 1385 4227 2111.

608 4268 657 4329 5)
695 4267 780 4314 Fr.
817 4264 1085 4323 Wieseler,
1126 4265 1312 4314 Nachr.
1344 4282 1392 4315 ν.
1432 4266 1480 4315 (1.
1520 4266 1662 4315 Κόη.
1696 4267 1815 4318 Ges,
1855 4266 1903 4314 d.
1945 4265 2105 4316 Wiss,
2146 4282 2194 4314 u.
2216 4265 2265 4315 d.
2287 4266 2702 4329 Georg-Augusts
2720 4263 2871 4312 Univ.

534 4356 807 4418 Gottingen
851 4352 1000 4414 1876.
1040 4370 1125 4419 pp.
1169 4353 1394 4418 63—85.
