3144 5114
1391 492 1486 574 87

258 697 718 795 temporibus
752 712 753 717 ’
791 697 1149 775 exstitisse
1203 724 1442 793 neque
1497 698 1992 772 adventicium
2051 724 2211 776 esse
2267 712 2394 772 aut
2446 724 2613 795 pos-

258 823 555 904 teriore,
583 823 882 901 demum
906 892 911 900 .
939 833 1175 901 aetate
1229 823 1556 901 ascitum.
1612 823 1758 916 Qui
1816 848 1995 909 mOS,
2024 836 2191 901 curn
2223 822 2396 896 olim
2428 823 2616 897 adeo

259 949 719 1029 Graecorum
805 946 1067 1023 animis
1124 947 1380 1023 insitus
1435 947 1671 1034 fuerit,
1736 947 1835 1019 nil
1892 947 2186 1034 mirum,
2213 946 2293 1023 ,si
2348 947 2614 1023 nostris

254 1072 507 1147 adhuc
561 1071 1021 1169 temporibus
1075 1071 1387 1168 vestigia
1440 1072 1808 1166 quaedam
1865 1070 2054 1145 levia
2109 1071 2429 1166 quidem,
2483 1072 2615 1145 sed

251 1197 436 1272 satis
493 1210 692 1276 certa
757 1209 1168 1294 supersunt.
1252 1198 1373 1270 De
1429 1223 1578 1291 qua
1632 1222 1710 1270 re
1764 1196 2082 1270 breviter
2136 1196 2429 1293 agendo
2477 1196 2617 1269 dis-

257 1322 716 1418 putationem
776 1347 1017 1395 meam
1075 1320 1534 1397 concludam.

365 1571 745 1644 'Permulta
837 1569 1277 1644 monasteria
1366 1570 1782 1644 etiamnunc
1866 1570 1938 1642 in
2022 1569 2337 1646 Graecia
2417 1582 2615 1671 certo

254 1694 571 1778 consilio
629 1695 699 1767 in'
768 1695 1124 1768 montium
1164 1695 1670 1769 cacuminibus
1698 1709 2063 1771 exstructa
2088 1708 2274 1781 sunt,
2301 1719 2614 1789 quorum

262 1818 501 1892 maior
554 1845 725 1916 pars
781 1818 1186 1916 prophetae
1242 1819 1449 1893 Eliae
1505 1834 1933 1895 consecrata
1985 1835 2129 1905 est;
2167 1822 2262 1892 ab
2287 1819 2429 1892 hoc
2459 1818 2616 1891 viro

253 1958 519 2024 sancto
601 1944 802 2016 haud
856 1969 1096 2040 pauca
1149 1970 1447 2039 qu0que
1504 1944 1863 2017 montium
1920 1944 2097 2042 iuga
2150 1942 2620 2017 denominata

258 2082 433 2141 sunt
470 2065 538 2165 ¹).
595 2068 820 2142 Cuius
876 2067 992 2147 rei,
1038 2068 1398 2165 originem
1456 2094 1543 2141 ac
1591 2068 1965 2166 propriam
2005 2067 2615 2165 significationem

258 2205 348 2264 ut
399 2193 589 2265 bene
643 2192 1183 2289 intellegamus,
1223 2219 1265 2270 e
1319 2219 1398 2265 re
1452 2193 1587 2266 erit
1642 2194 1895 2289 paucis
1948 2192 2190 2267 verbis
2244 2192 2316 2264 in
2348 2216 2619 2265 memo-

258 2316 449 2389 riam
519 2341 885 2402 revocare‚
941 2343 1089 2410 qua
1143 2317 1422 2391 ratione
1479 2316 1866 2391 Christiani
1923 2317 2349 2414 religionem
2406 2342 2615 2389 suam

256 2466 398 2537 per
453 2441 709 2514 orbem
766 2420 1150 2515 terrarum*
1182 2441 1710 2538 pedetemptim
1769 2441 2377 2539 pervulgaverint.
2464 2442 2619 2514 N0-

258 2592 433 2639 vam
517 2566 794 2640 scilicet
874 2566 993 2640 dei
1078 2566 1669 2641 informationem
1738 2582 1817 2640 ut
1880 2567 2147 2641 sensim
2225 2593 2311 2640 ac
2366 2566 2620 2640 leniter

252 2691 786 2766 substituerent
839 2691 1205 2765 veteribus
1269 2691 1925 2788 superstitionibus,
1982 2718 2171 2788 quae
2226 2717 2360 2787 per
2395 2691 2621 2788 longa

257 2816 561 2890 saecula
641 2841 1102 2913 paganorum
1186 2816 1259 2887 in
1344 2816 1707 2890 mentibus
1790 2816 1998 2912 quasi
2081 2816 2347 2889 infixae
2401 2828 2620 2910 atque

261 2941 741 3037 consignatae
823 2940 1315 3026 inhaerebant,
1397 2967 1566 3014 cum
1653 2941 2101 3015 narrationes
2183 2943 2279 3014 de
2349 2939 2619 3015 sanctis

260 3065 647 3162 prophetis
703 3091 977 3151 omneS‚
1033 3079 1386 3161 quantum
1445 3065 1604 3139 fieri
1659 3079 1964 3162 poterat,
2020 3065 2284 3139 fabulis
2330 3067 2426 3160 de
2481 3064 2619 3137 diis

260 3189 801 3285 heroisbusque
853 3189 1235 3287 gentilium
1294 3190 1761 3286 adaptabant,
1816 3204 1968 3262 tum
2028 3191 2123 3263 ad
2182 3188 2619 3263 monasteria

258 3314 729 3388 aedificanda
785 3341 871 3388 ea
927 3313 1297 3411 eligebant
1349 3315 1532 3401 loca,
1589 3341 1780 3410 quae
1834 3314 1979 3387 iam
2036 3314 2208 3416 inde
2264 3339 2308 3385 a
2341 3311 2619 3418 ⁸priscis

262 3439 724 3534 temporibus
779 3463 989 3513 sacra
1045 3438 1330 3512 fuerant
1356 3436 1426 3538 2).
1483 3439 1608 3513 Sic
1638 3440 1837 3534 apud
1865 3438 2261 3511 hodiernos
2291 3439 2620 3512 Graecos

349 3634 398 3691 Ι)
452 3637 644 3688 Βουνά
710 3636 812 3688 τοῦ
886 3636 1057 3709 ἁγίου
1121 3634 1309 3687 ’Haza
1367 3642 1816 3683 commemorantur
1869 3633 2004 3698 apud
2049 3634 2284 3681 Neuman
2319 3649 2369 3681 u.
2407 3631 2618 3680 Partsch

267 3729 505 3792 (Physik.
546 3731 726 3793 Geogr.
765 3746 812 3777 v.
871 3728 1070 3779 Griech.
1107 3744 1194 3793 pp.
1241 3739 1355 3790 107,
1403 3728 1516 3793 156,
1557 3738 1672 3792 175,
1702 3728 1815 3786 180,
1845 3727 1957 3785 181,
1983 3737 2100 3791 274,
2126 3726 2395 3789 275,294)
2415 3731 2465 3773 et
2483 3726 2618 3789 apud

266 3818 482 3866 Bursian
520 3819 729 3881 (Geogr.
767 3834 815 3867 v.
867 3817 1073 3868 Griech.
1109 3818 1136 3865 Ι
1176 3827 1298 3879 207.
1349 3818 1404 3865 II
1445 3827 1526 3878 72,
1588 3831 1685 3880 104
1715 3833 1790 3880 sq.
1824 3827 1916 3880 155
1947 3833 2023 3879 sq.
2056 3813 2170 3877 163,
2201 3825 2318 3875 207,
2350 3814 2466 3877 236,
2499 3812 2619 3875 398,

262 3919 393 3969 412,
433 3906 553 3969 448,
594 3906 717 3969 463,
757 3918 877 3970 471,
918 3906 1040 3969 481,
1081 3905 1203 3968 496,
1246 3918 1364 3970 500,
1407 3906 1525 3970 508,
1569 3917 1687 3970 521,
1730 3904 1848 3968 526,
1892 3905 2035 3968 528.)

343 3997 394 4055 2)
444 3996 557 4059 Qua
593 3996 656 4044 de
692 4012 743 4044 re
778 3995 948 4044 confer
984 3995 1043 4044 C.
1080 3994 1438 4053 Wachsmuth,
1502 3995 1645 4054 „Das
1682 3995 1783 4043 alte
1821 3992 2100 4043 Griechenl.
2140 3993 2209 4040 im
2229 3981 2424 4040 neuen⁵'
2444 4006 2496 4054 p.
2526 4003 2618 4038 22:

266 4083 402 4146 „Als
439 4084 656 4133 namlich
692 4085 762 4132 im
800 4085 958 4132 Lause
1000 4085 1090 4133 des
1130 4094 1179 4147 5.
1231 4084 1333 4132 und
1383 4083 1433 4133 6.
1465 4082 1837 4147 Jahrhunderts
1881 4083 1971 4130 das
2009 4087 2282 4144 gesammte
2319 4077 2621 4130 hellenische

270 4172 412 4222 Volk
457 4189 558 4221 von
595 4174 695 4221 den
731 4172 1148 4237 byzantinischen
1186 4173 1405 4220 Kaisern
1444 4189 1531 4220 zur
1569 4171 1877 4234 Bekehrung
1914 4184 2219 4233 gezwungen
2255 4167 2460 4216 worden
2501 4181 2619 4222 war,

270 4261 391 4310 fand
436 4262 524 4310 das
575 4261 955 4310 Christenthum
1003 4266 1218 4310 {iusserst
1265 4260 1520 4309 schweren
1579 4261 1788 4308 Eintritt
1838 4260 1920 4307 bei
1957 4259 2046 4307 der
2081 4257 2326 4306 durchaus
2364 4254 2622 4304 heidnisch

265 4350 621 4399 verbliebenen
657 4351 867 4414 Menge.
905 4349 1132 4398 Deshalb
1171 4348 1324 4397 sahen
1364 4348 1469 4398 sich
1508 4350 1591 4398 die
1627 4350 1843 4397 Priester
1868 4346 2126 4411 genothigt
2151 4344 2416 4409 moglichst
2445 4345 2621 4395 schon-
