3144 5114
1438 526 1538 594 99

1396 717 1597 790 XXI.

427 878 654 954 Cicer.
710 879 912 952 Verr.
968 879 1035 950 V
1101 884 1231 970 58:

672 1003 983 1089 Deinde,
1041 1002 1116 1074 id
1173 1003 1379 1098 quod
1435 1002 1580 1076 alio
1637 1002 1804 1075 loco
1861 1016 2083 1075 ante
2138 1002 2305 1076 dixi.

383 1099 779 1234 “Deleatur
833 1142 1071 1201 ante.

1375 1289 1609 1361 XXII.

415 1449 635 1546 Apul.
693 1451 991 1523 Metam.
1048 1451 1149 1522 IV
1177 1476 1236 1522 e.
1282 1474 1365 1522 21
1435 1451 1598 1546 (Ed.
1647 1452 1706 1544 J.
1761 1476 1825 1522 v.
1884 1449 1952 1522 d.
2008 1449 2248 1548 Vliet):

418 1575 635 1647 Enim
694 1599 871 1647 vero
927 1575 1403 1672 Thrasyleon,
1426 1574 1843 1672 ‘egregium
1902 1576 2130 1648 decus
2187 1589 2477 1649 nostrae
2515 1575 2657 1647 fac—

308 1699 543 1787 tionis,
597 1700 893 1773 tandem
952 1700 1491 1773 immortalitate
1538 1700 1838 1797 digno
1880 1699 2052 1772 illo
2090 1700 2346 1796 spiritu
2385 1726 2656 1798 expug-

309 1839 500 1911 nat0,
556 1824 795 1922 magis
851 1850 1075 1920 quam
1123 1824 1494 1920 (humana)
1550 1825 1899 1920 patientia
1935 1850 2174 1920 neque
2211 1826 2532 1899 clamore
2570 1851 2655 1898 ac

311 1976 403 2024 ne
458 1949 739 2023 ululatu
796 1949 1096 2045 quidem
1154 1949 1378 2023 fidem
1434 1950 1871 2023 sacramenti
1925 1950 2267 2046 prodidit.

418 2077 596 2172 Leg.
654 2075 1197 2148 immortalitate
1253 2074 1615 2171 dignus
1671 2074 1875 2167 ille,
1931 2075 2188 2171 spiritu
2235 2089 2655 2172 expugnato

312 2200 556 2298 magis
611 2226 838 2295 quam
895 2200 1246 2297 patientia
1299 2214 1431 2274 ete.
1777 2197 1781 2202 ’

1354 2416 1623 2486 ΧΧΙΙΙ.

417 2574 706 2668 Quinct.
768 2577 935 2649 Inst.
992 2576 1193 2650 Orat.
1249 2577 1321 2647 X
1390 2597 1589 2666 1,77:

415 2699 709 2773 Plenior
763 2700 1167 2775 Aeschines
1223 2714 1295 2773 et
1344 2701 1581 2798 magis
1620 2700 1824 2774 fusus
1863 2715 1935 2773 et
1968 2700 2345 2798 grandiori
2381 2700 2654 2788 similis,

309 2849 461 2920 quo
521 2825 760 2898 minus
814 2825 1105 2918 strictus
1160 2840 1269 2899 est
1288 2852 1303 2911 ;
1359 2826 1597 2899 carnis
1652 2840 1894 2899 tamen
1936 2826 2102 2922 plus
2138 2824 2376 2913 habet,
2416 2826 2654 2899 minus

307 2949 768 3023 lacertorum.

417 3074 688 3148 Iniuria
750 3075 868 3148 hic
935 3074 1144 3149 locus
1208 3075 1437 3172 vulgo
1497 3101 1541 3149 a
1594 3075 1766 3149 viris
1821 3076 2057 3148 doctis
2113 3075 2183 3148 in
2240 3089 2655 3149 controver-

3 3259 6 3448 }
309 3198 493 3273 siam
550 3213 875 3272 vocatur.
1550 3213 1556 3222 ·

1347 3362 1615 3434 XXIV.

418 3467 572 3541 Liv.
630 3469 694 3539 ΙΙ
753 3493 798 3560 4
814 3491 893 3562 5:

416 3591 814 3666 Consulem
897 3595 1128 3665 Rom
1151 3618 1259 3665 an
1285 3619 1333 3665 u
1356 3618 1426 3665 m
1503 3593 1711 3668 miles
1765 3593 1992 3667 semel
2048 3593 2118 3665 in
2175 3590 2332 3667 acie
2387 3591 2652 3679 fefellit,

6 3683 9 3886 >
308 3716 491 3790 deos
547 3742 952 3813 numquam
1009 3717 1223 3791 fallet.

416 3843 561 3914 Pro
620 3845 1152 3916 Romanum
1211 3843 1351 3940 leg.
1409 3846 1913 3918 Romanus.

262 4096 301 4157 «Χ
1361 4059 1593 4132 xxv.

8 4183 11 4310 Ι
417 4215 618 4289 caes.
659 4217 831 4290 Bell.
869 4218 1053 4292 Gan.
1094 4218 1123 4289 1
1163 4242 1324 4309 40,1
1347 4243 1423 4291 2:

10 4351 11 4354 ’
305 4339 493 4412 scire
547 4340 759 4428 enim,
831 4342 1420 4439 quibuscumque
1474 4342 1830 4417 exercitus
1885 4343 2083 4417 dicto
2140 4344 2444 4418 audiens
2497 4369 2646 4418 non
