3144 5114
1421 512 1517 596 67

296 723 478 796 sicut
559 721 716 796 eius
801 735 1102 813 naturae
1185 733 1759 794 consentaneum
1845 735 2018 808 erat,
2079 722 2639 797 ¹venerationem

295 862 702 922 assecutam
788 872 967 921 esse.
1062 848 1137 920 N
1145 871 1286 920 unc
1369 844 1940 934 consideremuS,
2005 846 2184 943 quid
2240 848 2378 921 hac
2436 847 2508 920 in
2565 874 2643 921 re

295 974 838 1048 observandum
916 972 1010 1046 sit
1063 973 1157 1045 de
1212 971 1493 1045 deabus
1553 971 2187 1068 semideabusque,
2243 999 2433 1069 quae
2489 986 2646 1047 arta

296 1098 614 1194 quadam
701 1098 1248 1196 propinquitate
1331 1122 1498 1172 cum
1548 1104 1869 1188 Ἀρτέμιδι
1917 1111 2123 1171 erant
2194 1098 2644 1172 coniunctae.

304 1225 414 1297 Ea
497 1237 742 1297 autem
829 1237 909 1296 ut
992 1224 1249 1298 ordine
1305 1251 1687 1323 exponem,
1760 1248 2009 1296 rursus
2074 1224 2170 1296 ad
2225 1223 2646 1310 Arcadiam,

296 1357 661 1440 Ἀρτέμιδος
706 1347 1025 1421 cultibus
1084 1349 1610 1424 nobilissimam
1669 1349 2066 1446 regionem,
2122 1362 2459 1422 revertar.

400 1476 480 1546 In
539 1473 865 1546 Arcadia
919 1474 1194 1570 ubique
1249 1476 1321 1548 in
1376 1475 1558 1549 locis
1597 1473 2024 1548 editioribus
2072 1481 2409 1546 Καλλιστώ
2458 1473 2645 1547 cole-

298 1584 545 1671 batur.
579 1597 791 1690 Quae
829 1600 1157 1696 nympha
1212 1626 1253 1673 e
1301 1612 1401 1672 Διί
1444 1613 1652 1697 patre
1679 1599 2070 1686 Arcadem,
2098 1599 2643 1697 progenitorem

295 1722 664 1796 Arcadiae
729 1723 1261 1821 indigenarum,
1315 1724 1517 1800 enisa
1591 1751 1750 1799 esse
1806 1724 2209 1810 ferebatur3
2266 1750 2487 1820 quam
2547 1726 2645 1798 ob

297 1873 447 1921 rem
535 1847 897 1923 invidiosa
964 1859 1141 1941 εἩρα
1215 1871 1377 1925 earn
1471 1851 1542 1923 in
1600 1876 1842 1924 ursam
1926 1849 2274 1936 vertisset,
2347 1860 2500 1932 Ζεύς
2573 1850 2645 1922 in

297 1972 617 2046 siderum
670 2000 1056 2048 numerum
1132 2002 1294 2050 eam
1365 1975 1755 2050 ascivisset.
1840 1977 1960 2048 De
2015 1975 2223 2048 cuius
2278 1975 2648 2074 nymphae

299 2123 470 2171 vera
526 2123 613 2171 ac
669 2101 971 2196 propria
1024 2100 1563 2197 significatione
1620 2100 1738 2174 alii
1786 2100 1928 2174 alia
1956 2100 2447 2196 protulerunt;
2502 2100 2646 2173 hoc

302 2236 546 2296 autern
632 2236 802 2320 post
883 2225 960 2298 C.
1044 2226 1132 2300 O.
1204 2226 1641 2300 Muellerum
1701 2225 1886 2299 inter
1942 2251 2198 2299 omnes
2255 2251 2389 2322 pro
2447 2239 2647 2299 certo

300 2360 601 2434 constat,
656 2347 953 2422 Callisto
1010 2350 1323 2447 priscam
1386 2351 1609 2425 fuisse
1667 2352 1881 2424 deam
1939 2350 2403 2437 Arcadicam‚
2460 2376 2648 2446 quae

302 2471 669 2546 Artemidi
725 2486 1110 2572 tantopere
1166 2475 1561 2549 consimilis
1617 2489 1824 2563 esset,
1880 2489 1958 2549 ut
2012 2475 2304 2573 saepius
2332 2501 2468 2573 pro
2500 2502 2647 2548 uno

301 2601 713 2694 eodemque
771 2600 1068 2674 numine
1123 2615 1430 2697 utraque
1488 2603 1631 2675 dea
1683 2602 2091 2675 haberetur.
2120 2599 2169 2699 1)

409 2723 653 2797 Etiam
704 2732 1048 2819 Καλλίστη,
1095 2726 1212 2800 cui
1269 2751 1503 2823 prope
1558 2726 1994 2800 Tricolonas
2050 2727 2121 2799 in
2170 2752 2463 2799 summo
2494 2726 2649 2801 Cal-

303 2849 507 2923 listus
598 2849 882 2922 tumulo
965 2852 1185 2925 aedes
1268 2865 1422 2925 erat
1504 2865 1950 2938 consecrata,
2032 2852 2144 2925 his
2230 2851 2650 2925 numinibus

306 2972 638 3071 proxime
698 2989 1021 3071 cognata
1075 2990 1201 3051 est.
1228 2973 1279 3075 ²)

392 3103 485 3175 >N
490 3126 576 3175 ec
646 3125 790 3174 non
874 3101 1219 3175 Atalante
1301 3102 1646 3200 nympha,
1730 3127 1919 3197 quae
2001 3100 2226 3175 saltus
2282 3101 2651 3175 Parthenii

304 3226 569 3301 montis
622 3228 960 3300 venando
1017 3252 1409 3324 peragrare
1464 3226 1861 3312 dicebatur,
1889 3239 2042 3299 arte
2071 3251 2239 3298 cum
2270 3227 2652 3300 Artemide

305 3351 695 3426 cohaerere
750 3350 1056 3425 videtur.
1082 3348 1133 3450 3)

381 3495 430 3557 1)
468 3494 526 3543 C.
549 3495 613 3542 O.
633 3494 810 3546 Muell.
850 3496 970 3542 Dor.
993 3496 1019 3541 I
1044 3505 1142 3554 272
1165 3510 1240 3558 sq.
1281 3494 1448 3552 ,‚Prol.
1471 3510 1513 3544 z.
1535 3493 1631 3542 ein.
1654 3493 1787 3541 wiss.
1811 3491 2012 3556 Myth.”
2041 3505 2156 3556 73—--
2181 3492 2262 3553 76.
2303 3493 2379 3542 Cf.
2402 3503 2652 3559 praeterea

313 3581 627 3633 Prell.-Rob.
664 3584 751 3634 Gr.
791 3582 1001 3647 Myth.4
1038 3584 1063 3630 Ι
1103 3596 1205 3647 304
1244 3599 1319 3648 sq.
1364 3584 1428 3634 E.
1465 3584 1656 3647 Meyer,
1695 3581 1904 3630 Forsch.
1944 3598 1988 3631 z.
2025 3582 2111 3632 alt.
2152 3582 2332 3632 Gesch.
2372 3585 2397 3631 Ι
2435 3583 2497 3632 61
2541 3601 2651 3648 sqq.

311 3672 536 3721 Andrew
591 3674 733 3736 Lang
788 3669 963 3739 (Myth
1025 3674 1103 3722 rit.
1158 3691 1201 3722 a.
1258 3674 1344 3722 rel.
1402 3673 1456 3720 II
1515 3685 1609 3720 211
1655 3673 1806 3736 sqq.)‚
1860 3673 1939 3721 cui
1976 3672 2037 3722 L.
2076 3674 2148 3721 R.
2187 3673 2231 3719 F
2234 3674 2386 3721 arnell
2422 3690 2651 3722 assensus

307 3770 380 3810 est
435 3758 604 3827 (Cults
660 3762 719 3809 of
768 3760 852 3810 the
899 3763 986 3812 Gr.
1024 3762 1099 3811 St.
1139 3763 1192 3810 ΙΙ
1230 3774 1330 3827 435
1372 3779 1481 3827 sqq.
1521 3764 1622 3827 564
1661 3764 1792 3826 sqq.)
1830 3763 1882 3809 in
1918 3761 2064 3810 huius
2109 3763 2328 3810 numinis
2355 3764 2489 3812 cultu
2527 3770 2652 3812 tote-

307 3849 471 3898 mismi
526 3851 735 3914 vestigia
789 3851 1036 3913 detegisse
1093 3851 1188 3899 sibi
1245 3852 1493 3901 videntur.
1549 3852 1714 3899 Deam
1771 3866 1969 3914 nempe,
2028 3866 2158 3914 quae
2195 3851 2246 3898 in
2284 3866 2450 3899 ursam
2498 3862 2651 3900 trans-

307 3940 555 3997 formetur,
613 3939 734 3987 olim
790 3940 883 3988 sub
938 3940 1164 3988 animalis
1203 3942 1368 4004 specie
1405 3941 1586 3990 cultam
1625 3940 1779 3989 fuisse
1814 3954 2100 4004 persuasum
2140 3940 2199 3987 iis
2238 3948 2313 3987 est
2331 3956 2343 3997 ;
2400 3941 2465 3988 ad
2502 3956 2652 4004 quam

306 4030 596 4077 sententiam
636 4027 930 4077 firmandam
969 4028 1180 4077 afferunt
1217 4029 1404 4079 cultum
1442 4027 1788 4103 Ἀρτέμιδος
1814 4031 2207 4104 Βραυρωνίας,
2255 4044 2383 4093 quae
2405 4029 2498 4077 dea
2518 4029 2652 4077 haud

307 4121 456 4170 dubie
492 4122 768 4186 antiquitus
804 4123 898 4170 sub
937 4138 1079 4171 ursae
1118 4124 1276 4172 forma
1314 4126 1620 4173 venerationi
1655 4126 1764 4175 fuit.
1803 4127 2005 4174 Vereor
2041 4131 2225 4185 autem,
2246 4138 2308 4170 ne
2335 4123 2481 4170 nimis
2506 4123 2654 4186 longe

307 4208 427 4259 haec
463 4212 632 4259 omnia
649 4218 889 4275 repetant,
924 4227 1049 4259 neve
1069 4212 1209 4276 plura
1228 4213 1546 4272 contendant,
1568 4229 1719 4277 quam
1740 4214 1885 4262 certis
1904 4212 2206 4275 argumentis
2226 4210 2457 4260 affirmari
2475 4214 2650 4275 possit.

380 4301 428 4359 2)
465 4301 548 4347 De
586 4316 683 4364 qua
721 4316 774 4348 re
810 4301 873 4348 cf.
913 4301 986 4350 H.
1031 4301 1243 4359 Usener,
1284 4302 1369 4352 Gr.
1409 4302 1634 4351 Gottern.
1675 4313 1757 4367 53.

386 4389 443 4452 3)
482 4389 566 4438 Cf.
617 4387 933 4437 Prell.-Rob.
993 4390 1078 4439 Gr.
1134 4391 1207 4438 M.
1228 4391 1252 4424 ⁴
1301 4391 1326 4438 Ι
1365 4402 1463 4454 305
1506 4391 1688 4449 „Auch
1723 4391 1805 4439 die
1842 4391 2214 4454 vorzugsweise
2249 4391 2336 4438 auf
2370 4390 2488 4438 dem
2525 4390 2655 4453 Berg
