3144 5114
1453 543 1490 613 5

293 734 389 807 d'e
426 732 761 806 ‘cultibus
814 733 1218 806 honoribus
1272 734 1763 831 precibusque
1792 734 1931 808 diis
1960 736 2301 811 adhibitis
2330 752 2554 835 agant
2581 735 2650 838 ¹).

400 860 556 932 Iam
615 884 808 931 anno
879 867 1070 953 1825
1132 860 1209 934 C.
1266 860 1355 935 O.
1413 861 1724 933 Mueller
1762 860 1833 933 in
1873 861 2253 936 notissimo
2287 862 2408 937 illo
2440 864 2647 953 libro,

292 983 419 1079 qui
467 983 882 1057 inscribitur
936 985 1519 1082 «Prolegomena
1563 1012 1654 1059 zu
1693 985 1891 1060 einer
1918 986 2646 1063 wissenschaftlichen

292 1108 801 1206 Mythologie»
846 1106 896 1209 2)
980 1109 1612 1199 animadverterat,
1669 1137 1802 1185 nos
1857 1112 2057 1185 haud
2115 1114 2424 1187 multum
2481 1140 2646 1211 pro-

290 1232 611 1306 fecturos
666 1259 826 1307 esse
881 1234 952 1306 in
1009 1233 1431 1332 indaganda
1485 1236 1795 1308 deorum
1845 1250 2172 1310 veterum
2204 1251 2478 1326 natura,
2507 1240 2642 1313 nisi

290 1372 631 1432 accurate
714 1358 1308 1447 distinxissemuS,
1364 1386 1553 1456 quos
1610 1387 1949 1457 quaeque
2005 1362 2210 1460 regio
2268 1363 2448 1437 deos
2502 1364 2641 1439 sibi

289 1483 629 1581 proprios
684 1485 988 1558 haberet
1035 1511 1372 1581 quosque
1410 1486 1649 1559 cultus
1679 1512 1765 1559 ac
1795 1486 2275 1561 caerimonias
2304 1515 2642 1586 quaeque

288 1610 463 1682 urbs
546 1608 697 1682 suis
779 1609 917 1683 diis
1000 1610 1387 1684 exhiberet.
1471 1612 1909 1707 Numquam
1993 1612 2183 1686 enim
2261 1613 2641 1688 universae

290 1733 646 1809 Graeciae
728 1736 1030 1808 eosdem
1111 1736 1291 1809 deos
1347 1736 1794 1809 venerationi
1851 1736 2074 1811 fuisse
2128 1740 2453 1835 putabat,
2506 1741 2638 1814 sed

287 1860 517 1933 tribus
571 1872 830 1956 gentes
886 1859 1212 1934 civitates
1269 1886 1526 1934 omnes
1583 1860 1757 1934 olim
1814 1888 1991 1935 suos
2044 1863 2389 1937 habuisse
2437 1865 2637 1952 deos,

287 1973 430 2081 qui',
484 1984 655 2058 licet
708 1998 968 2081 postea
1020 1985 1237 2059 variis
1295 1986 1535 2059 modis
1593 1985 1777 2059 inter
1821 2013 1983 2061 sese
2011 1988 2386 2061 commixti
2417 2002 2638 2085 atque

285 2110 571 2184 confusi
629 2124 885 2197 essent,
941 2136 1345 2207 numquam
1404 2124 1648 2185 tamen
1707 2138 2006 2208 prorsus
2063 2113 2524 2187 evanuissent
2567 2111 2636 2215 ³).

284 2237 463 2309 Inde
518 2260 820 2309 exorsus
875 2250 948 2310 et
975 2237 1071 2310 ad
1101 2236 1536 2310 Muellerum
1566 2262 1647 2310 se
1676 2237 2051 2335 applicans
2079 2238 2346 2312 nostris
2375 2238 2637 2313 diebus

283 2361 868 2458 anthropologus
953 2361 1410 2435 Britannicus
1492 2363 1814 2436 Andrew
1910 2365 2139 2460 Lang,
2195 2389 2415 2459 quem
2475 2366 2635 2463 My-

282 2486 564 2585 thologi
667 2486 1108 2562 Germaniae
1191 2487 1476 2562 nonnisi
1558 2487 2020 2586 vituperandi
2103 2514 2327 2563 causa
2411 2489 2636 2586 idque

281 2637 574 2686 summa
629 2612 905 2699 iniuria,
963 2639 1372 2687 memorare
1427 2614 1681 2702 solent,
1719 2617 2132 2711 approbare
2162 2627 2468 2689 conatus
2499 2629 2628 2695 est,

286 2737 642 2812 Graeciae
708 2737 983 2811 incolas
1057 2738 1453 2834 antiquitus
1507 2739 1803 2836 populis
1859 2739 2146 2813 incultis
2182 2753 2254 2812 et
2280 2740 2628 2813 semibar-

282 2863 475 2937 baris
531 2862 734 2936 haud
777 2863 1192 2960 superiores
1249 2863 1489 2937 fuisse.
1548 2867 1629 2937 In
1685 2864 1860 2961 ipsis
1918 2865 2110 2938 enim
2169 2867 2626 2940 Graecorum

281 2988 572 3062 urbium
648 2988 973 3062 tribuum
1047 2988 1378 3086 gentium
1435 2989 1753 3064 cultibus
1807 2989 2278 3086 pristinorum
2338 3016 2627 3065 morum

280 3113 588 3211 vestigia
662 3114 891 3187 multa
962 3113 1317 3211 reperisse
1388 3115 1527 3189 sibi
1560 3114 1773 3188 'visus
1829 3128 1955 3203 est,
2003 3141 2193 3212 quae
2248 3129 2631 3213 tantopere

280 3263 447 3311 cum
533 3238 638 3326 iis,
721 3265 910 3335 quae
994 3241 1088 3313 de
1170 3241 1462 3337 populis
1527 3240 1815 3313 incultis
1870 3241 2278 3328 Americae,
2331 3241 2628 3314 Africae

277 3363 690 3437 Australiae
771 3364 1070 3462 cognita
1152 3365 1510 3439 habemus
1594 3350 2098 3463 congruerent,
2181 3380 2263 3440 ut
2345 3393 2434 3440 ex
2514 3366 2627 3439 his

280 3565 289 3572 ·
353 3601 401 3669 ι)
458 3605 521 3652 Ε.
573 3605 765 3669 Meyer,
824 3605 1009 3654 Gesch.
1064 3605 1113 3654 d.
1170 3605 1389 3656 Alterth.
1440 3608 1496 3655 II
1533 3607 1619 3670 48.
1681 3609 1824 3670 „Vor
1859 3606 2006 3656 aliem
2044 3606 2249 3670 wichtig
2283 3608 2401 3655 aber
2436 3609 2501 3656 ist
2538 3609 2628 3656 der

276 3708 372 3740 von
426 3694 516 3742 der
551 3693 648 3757 vgl.
705 3694 1019 3758 Mythologie
1054 3695 1287 3758 ignorirte
1325 3695 1771 3759 Zusammenhang,
1811 3696 1862 3744 in
1898 3696 2014 3744 dem
2046 3696 2187 3760 jeder
2223 3695 2367 3744 {ichte
2407 3696 2619 3761 Mythus

180 3841 189 3851 ι
278 3782 367 3841 mit
402 3783 520 3830 dem
558 3782 734 3832 Cultus
771 3782 956 3834 steht.”
995 3785 1153 3833 Paulo
1172 3792 1288 3848 post
1307 3786 1441 3850 apud
1461 3785 1676 3834 eundem
1696 3784 1817 3834 haec
1835 3786 2072 3848 legimus:
2114 3786 2253 3843 „Der
2292 3784 2626 3850 Hauptsehler

278 3871 362 3919 der
397 3871 494 3936 vgl.
536 3871 851 3936 Mythologie
889 3874 967 3931 ist,
1008 3874 1123 3922 dass
1161 3875 1243 3922 bei
1280 3873 1359 3921 ihr
1395 3875 1477 3923 die
1514 3875 1754 3938 Religion
1792 3875 1894 3922 und
1931 3873 2008 3921 ihr
2046 3873 2348 3937 wichtigstes
2370 3873 2621 3931 Element,

278 3961 362 4008 der
401 3960 592 4019 Cultus,
633 3961 879 4010 durchaus
918 3979 979 4011 zu
1015 3962 1136 4011 kurz
1173 3962 1420 4012 kommt.'’

348 4045 402 4117 2)
439 4050 636 4113 Proleg.
674 4066 759 4115 pp.
802 4049 902 4099 226
942 4068 985 4103 e.
1007 4068 1054 4115 q.
1079 4069 1117 4101 s.

346 4139 401 4204 3)
440 4139 526 4188 Ne
563 4155 760 4188 carmen
797 4141 998 4204 quidem
1034 4140 1302 4199 heroicum,
1342 4136 1796 4205 quantumcumque
1829 4142 1936 4190 eius
1956 4141 2224 4190 auctoritas
2242 4140 2377 4204 apud
2396 4149 2621 4204 posteros

275 4228 444 4287 valuit,
496 4244 734 4292 umquam
772 4229 825 4277 id
862 4229 1097 4294 perficere
1133 4231 1312 4295 potuit,
1351 4238 1407 4279 ut
1444 4247 1594 4279 unam
1632 4231 1941 4295 eandemque
1980 4246 2294 4279 communem
2331 4229 2618 4293 religionem

271 4318 367 4374 ‚toti
404 4317 643 4367 Graeciae
679 4317 832 4367 daret.
873 4319 1008 4368 Vide
1044 4320 1108 4369 E.
1147 4319 1354 4378 Rohde‚
1392 4320 1591 4385 Psyche
1628 4335 1712 4384 pp.
1752 4333 1821 4382 44
1841 4336 1951 4385 sqq.
1972 4320 2033 4368 F.
2057 4320 2117 4368 G.
2141 4317 2394 4376 Welcker,
2421 4317 2616 4368 Griech.

273 4405 481 4457 Gotterl.
521 4406 548 4454 I
589 4418 691 4470 224
731 4422 803 4473 sq.
