3144 5114
908 1026 1997 1146 PROOEMIUM.

396 1538 870 1636 Religionum
944 1551 1271 1611 veterum
1349 1551 1683 1612 naturam
1759 1551 1979 1633 atque
2034 1537 2363 1610 indolem
2421 1563 2632 1610 accu-

291 1678 438 1738 rate
491 1689 948 1762 cognoscere
1001 1663 1324 1761 cupienti
1380 1689 1526 1736 non
1583 1677 1864 1736 tantum
1922 1664 2231 1736 deorum
2262 1662 2631 1736 variorum

290 1790 637 1876 cultuum,
730 1814 1130 1875 sacrorum,
1205 1784 1815 1862 caerimoniarum
1890 1788 2373 1876 sollemnium,
2448 1788 2633 1862 ratio

288 1915 626 1989 habenda
695 1928 820 2002 est,
894 1941 1150 1988 verum
1209 1914 1426 1987 etiam
1484 1928 1698 1988 acute
1754 1916 2278 2010 quaerendum,
2339 1914 2633 2010 quibus-

290 2066 454 2114 nam
514 2041 587 2113 in
643 2039 823 2113 locis
878 2040 1103 2114 sacris
1158 2040 1427 2137 singuli
1484 2039 1603 2113 dei
1661 2039 1801 2113 coli
1856 2039 2047 2113 soliti
2085 2039 2244 2112 sint.
2302 2041 2502 2112 Nam
2559 2038 2632 2112 in

286 2165 444 2262 ipso
529 2166 863 2239 locorum
948 2165 1245 2263 ingenio
1330 2166 1640 2238 deorum
1726 2190 2026 2261 quoque
2100 2177 2358 2238 natura
2430 2165 2630 2238 haud

288 2316 449 2364 raro
508 2290 909 2387 conspicua
965 2304 1091 2365 est.
1126 2287 1178 2390 1)
1236 2290 1596 2364 Colebant
1652 2290 1918 2364 Graeci
1969 2291 2151 2363 deos
2206 2289 2279 2362 in
2320 2289 2635 2386 templiS‚

287 2414 357 2487 in
413 2423 679 2503 ἂλσεσιν,
734 2415 807 2488 in
865 2423 1184 2504 τεμένεσιν,
1239 2414 1311 2487 in
1369 2414 1743 2488 montibus
1800 2414 2168 2511 clivisque,
2224 2440 2371 2510 qua
2425 2413 2497 2486 in
2555 2440 2633 2487 re

288 2567 331 2614 a
382 2541 607 2615 totius
662 2541 861 2615 orbis
917 2554 1271 2615 terrarum
1329 2540 1622 2639 populis
1669 2567 1928 2639 parum
1968 2539 2334 2614 differunt.
2390 2539 2634 2634 Quan-

288 2680 541 2765 topere
623 2663 866 2741 autem
950 2667 1069 2739 hic
1152 2667 1224 2739 in
1307 2667 1487 2741 locis
1561 2667 1774 2741 editis
1849 2667 2138 2740 colendi
2214 2692 2376 2739 mos
2432 2668 2633 2763 apud

288 2805 521 2867 toturn
598 2792 749 2866 fere
819 2818 1056 2890 genus
1128 2793 1532 2866 humanum
1610 2807 1736 2867 aut
1806 2792 2053 2890 vigeat
2125 2805 2251 2865 aut
2303 2791 2634 2889 viguerit,

291 2918 640 3016 cognosci
713 2918 881 2991 licet
954 2944 1043 2991 ex
1115 2917 1374 2991 studiis
1447 2896 1582 2991 viri
1639 2918 1838 2992 docti
1897 2918 2106 2990 Ferd.
2161 2943 2225 2990 v.
2280 2916 2634 2991 Andrian.

292 3043 370 3115 In
424 3043 613 3117 libro
671 3043 885 3130 enim,
941 3043 1059 3117 cui
1098 3042 1345 3116 titulus
1391 3045 1598 3116 «Der
1630 3043 2149 3117 vHohencultus
2186 3042 2636 3116 Asiatischer

289 3169 440 3240 und
498 3168 1044 3265 Europ‘aischer
1097 3168 1410 3241 Volker»
1475 3168 1968 3265 complurium
2024 3168 2472 3264 populorum
2520 3193 2633 3241 su·

288 3293 764 3389 perstitiones,
849 3319 1040 3389 quae
1121 3294 1266 3366 huc
1347 3292 1640 3380 faciunt,
1719 3294 1891 3366 data
1966 3318 2192 3389 opera
2265 3292 2674 3377 tractavit3'

290 3418 792 3513 quaestionem
848 3432 1113 3506 tamen,
1169 3444 1344 3491 num
1400 3419 1585 3492 haec
1643 3417 1931 3491 colendi
1971 3417 2153 3491 ratio
2193 3417 2412 3491 etiam
2452 3417 2636 3490 inter

292 3544 620 3617 Graecos
696 3520 1226 3639 Romanosque
1300 3543 1372 3615 in
1431 3569 1637 3617 more
1694 3557 1899 3630 esset,
1956 3543 2245 3640 penitus
2302 3541 2661 3640 neglexit·
2719 3520 2728 3529 ⁹

290 3668 532 3760 Quam
590 3668 892 3764 quidem
949 3669 1289 3770 lacunam
1349 3669 1639 3765 explere
1698 3682 2004 3741 conatus
2043 3681 2152 3742 est
2191 3667 2633 3764 Rudolphus

294 3793 478 3866 Beer
512 3790 583 3894 2),
638 3794 770 3868 sed
827 3819 995 3867 cum
1054 3795 1407 3890 perbreve
1463 3806 1745 3867 tantum
1802 3792 2155 3890 temporis
2209 3792 2526 3889 spatium
2569 3791 2633 3864 ei

371 4014 419 4083 1)
455 4016 675 4080 Cognitu
710 4016 1002 4079 dignissima
1039 4024 1169 4074 sunt,
1209 4031 1338 4079 quae
1374 4015 1470 4064 hac
1506 4016 1569 4065 de
1589 4033 1640 4064 re
1667 4016 1947 4065 observavit
1968 4017 2040 4065 K.
2061 4016 2121 4064 F.
2147 4016 2425 4073 Hermann,
2447 4014 2632 4063 Lehrb.

300 4101 346 4151 d.
383 4106 468 4154 Gr.
516 4105 697 4169 Antiq.
734 4105 789 4152 II
829 4115 1056 4169 53—91.
1096 4105 1195 4153 Die
1233 4105 1565 4154 Oertlichkeit
1602 4106 1691 4154 des
1729 4105 1905 4154 Cultus
1943 4107 1993 4152 in
2032 4104 2163 4152 ihrer
2199 4104 2496 4167 Bedeutung
2531 4105 2635 4152 und

299 4194 630 4258 Anwendung
664 4194 743 4242 fiir
779 4194 1068 4242 denselben.
2515 4207 2518 4212 ⁴

371 4285 417 4347 2)
451 4285 595 4333 Rud.
634 4284 777 4342 Beer,
816 4283 1018 4346 Heilige
1055 4283 1246 4332 Hohen
1282 4283 1369 4331 der
1400 4283 1531 4332 alten
1553 4283 1797 4333 Griechen
1817 4284 1920 4332 und
1940 4285 2150 4331 Romer.
2187 4282 2317 4330 Eine
2337 4283 2637 4346 Erganzung

302 4387 360 4420 zu
391 4374 435 4421 F
436 4375 535 4427 erd.
576 4372 743 4423 Freih.
781 4389 829 4421 v.
866 4373 1141 4422 Andrian’s
1179 4371 1367 4422 schrift
1407 4373 1844 4432 ‚‚H‹'5hencultus”.

2384 4495 2408 4542 I
