3144 5114
1680 532 1770 603 72

551 741 720 802 sunt
772 731 998 802 verba
1043 729 1170 826 (ΠΙ
1222 729 1446 829 14,2):
1508 735 2001 818 Ἔπονομάζουσι
2050 733 2112 798 δὲ
2161 739 2360 818 αὐτὴν
2407 739 2506 797 καὶ
2554 736 2879 816 Λιμναίαν,

552 849 742 918 οὖσαν
788 858 897 918 οὐκ
948 855 1276 937 ”Αρτεμιν,
1323 856 1743 938 Βριτόμαρτιν
1790 850 1852 915 δὲ
1901 856 2014 936 τὴν
2060 858 2329 935 Κρητῶν
2352 845 2423 933 ¹).

661 965 811 1038 Sed
894 963 1037 1037 iam
1120 963 1294 1037 satis
1376 988 1743 1060 superque
1824 960 2360 1058 disputavimus
2434 961 2528 1033 de
2576 965 2884 1051 Ἀρτέμιδι

553 1090 793 1185 deque
847 1090 1146 1176 deabu5‚
1185 1114 1374 1185 quae
1429 1088 1495 1162 ei
1551 1102 1912 1185 cognatae
1965 1100 2151 1174 sunt,
2208 1112 2429 1183 quam
2488 1087 2587 1157 ob
2645 1109 2793 1158 rem
2846 1109 2885 1156 e

555 1238 633 1287 re
713 1214 848 1288 erit
927 1214 1023 1287 ad
1105 1227 1513 1288 ceterorum
1591 1212 1971 1286 numinum
2030 1212 2265 1286 cultus
2322 1211 2393 1284 in
2448 1209 2631 1284 locis
2686 1207 2886 1284 editis

554 1338 875 1413 transire.

1142 1628 1266 1699 DE
1311 1630 1693 1717 Ἀφροδίτης
1737 1648 2301 1698 VENERATIONE.

665 1965 850 2038 Cum
929 1969 1249 2055 Ἀρτέμιδι
1298 1963 1574 2060 optime
1629 1963 1971 2059 componi
2032 1975 2273 2059 potest
2319 1966 2688 2051 Ἀφροδίτη,
2731 1959 2894 2031 licet

556 2101 814 2162 natura
895 2089 1110 2185 plane
1192 2089 1375 2161 inter
1454 2114 1616 2162 sese
1698 2088 2039 2161 differant
2110 2088 2294 2160 deae
2348 2099 2420 2159 et
2476 2083 2894 2157 muneribus

555 2240 789 2310 paene
871 2214 1247 2287 contrariis
1330 2213 1743 2310 fungantur.
1828 2215 2165 2308 Utraque
2228 2210 2422 2285 enim
2479 2223 2892 2305 temporum

557 2339 1209 2413 remotissimorum
1267 2339 1699 2412 memoriam
1755 2340 2110 2424 servabat,
2165 2350 2472 2431 utraque
2525 2333 2598 2407 in
2637 2334 2893 2407 iisdem

557 2464 997 2562 regionibus
1054 2463 1386 2560 quamvis
1440 2463 1679 2537 varias
1736 2465 1834 2536 ob
1883 2488 2158 2549 causaS‚
2187 2461 2582 2546 colebatur,
2608 2459 2897 2553 utrique

556 2590 872 2686 denique
926 2590 1305 2687 proprium
1363 2605 1516 2664 erat
1571 2590 1644 2662 in
1697 2590 1878 2663 locis
1916 2587 2434 2684 superioribus,
2471 2585 2893 2682 praesertim

556 2715 626 2787 in
703 2715 806 2801 iis,
871 2742 1060 2811 quae
1124 2741 1357 2812 prope
1423 2741 1624 2788 mare
1679 2715 1818 2788 sita
1871 2728 2091 2800 erant,
2146 2714 2359 2787 sedes
2414 2709 2895 2785 venerationis

554 2840 825 2914 habere
859 2838 929 2933 2).

662 2968 741 3037 In
814 2965 1180 3039 Arcadiae
1254 2978 1502 3038 monte
1566 2965 1855 3063 Cotylio
1894 2963 1961 3064 3),
2017 2965 2088 3036 in
2147 2961 2655 3059 promontorio
2713 2960 2894 3035 Coli-

555 3091 694 3163 ade
729 3087 799 3189 ⁴),
882 3090 954 3162 in
1027 3090 1383 3163 Thraciae
1456 3090 1964 3186 promontorio
2021 3088 2383 3185 Zeryntho
2423 3085 2492 3185 ⁵),
2547 3086 2617 3159 in
2674 3085 2894 3158 Asiae

555 3215 925 3289 montibus
973 3215 1269 3289 Castnio
1305 3214 1356 3312 6)
1412 3228 1484 3288 et
1540 3215 1821 3312 Pyrrha
1856 3213 1925 3313 ⁷),
1982 3214 2053 3286 in
2093 3215 2471 3311 Pyrenaeo
2500 3208 2570 3311 ⁸),
2625 3210 2894 3304 ubique

630 3399 678 3469 1)
717 3403 861 3451 Haec
909 3403 1074 3461 verba,
1130 3418 1257 3467 quae
1310 3402 1458 3466 vulgo
1513 3409 1629 3468 post
1676 3401 1919 3451 vocabula
1975 3399 2322 3474 Ἀρτέμιδος
2376 3401 2694 3471 Ἰσσωρίας
2740 3397 2895 3470 ἱερόν

551 3500 794 3562 leguntur,
853 3515 952 3563 quo
1007 3500 1225 3547 nascitur
1280 3499 1525 3548 sententia
1567 3498 1714 3562 plane
1752 3496 1979 3554 absurda,
2019 3513 2112 3544 suo
2148 3496 2260 3544 loco
2297 3495 2604 3543 restituenda
2640 3510 2749 3543 esse
2784 3501 2894 3558 post

550 3582 902 3661 Ἀρτέμιδος
942 3590 1252 3662 Αἰγιναίας
1289 3588 1514 3637 coniicio.
1567 3589 1679 3635 Dea
1716 3588 1848 3635 enim
1887 3587 2178 3648 Aeginetica
2215 3585 2530 3633 Britomartis
2569 3585 2760 3648 optime
2796 3582 2892 3631 dici

550 3692 730 3749 potest,
768 3690 824 3733 ut
862 3700 889 3732 e
925 3683 1260 3747 superioribus
1297 3691 1517 3747 apparet,
1557 3682 1738 3730 Issoria
1775 3689 1946 3730 contra
1984 3680 2122 3729 nullo
2159 3681 2332 3729 modo.

623 3773 677 3836 2)
714 3775 872 3822 Lectu
902 3772 1193 3834 dignissima
1227 3780 1356 3829 sunt,
1390 3787 1517 3835 quae
1549 3772 1624 3819 vir
1657 3771 1833 3819 doctus
1855 3771 1917 3818 E.
1957 3772 2132 3833 Meyer
2185 3771 2237 3816 in
2292 3769 2435 3826 libro,
2494 3769 2580 3832 qui
2617 3768 2893 3816 inscribitur

549 3862 846 3911 Geschichte
881 3863 931 3912 d.
970 3859 1189 3910 Alterth.
1227 3861 1298 3920 (II
1343 3862 1636 3923 104-—107)
1674 3859 1736 3907 de
1774 3858 2097 3907 similitudine
2136 3858 2599 3920 discriminibusque
2638 3858 2888 3906 ambarum

550 3952 753 3999 dearum
790 3951 1013 4016 protulit.
1511 3950 1565 4012 3)
1606 3950 1684 3997 Cf.
1722 3951 1874 3997 Paus.
1914 3949 2051 3996 VIII
2087 3960 2267 4011 41,10.

562 4055 565 4058 ’
622 4042 672 4103 4)
709 4040 787 4089 Cf.
838 4041 992 4088 Arist.
1031 4039 1172 4087 Nub.
1196 4049 1280 4102 52.
1332 4039 1451 4101 Lys.
1478 4052 1524 4088 2.
1576 4038 1738 4086 Strab.
1778 4038 1863 4085 IX
1904 4037 2023 4099 398.
2061 4039 2214 4085 Paus.
2254 4037 2279 4083 I
2325 4046 2420 4099 1,5.
2460 4034 2659 4083 Callim.
2701 4034 2888 4084 Hecab.

552 4130 642 4191 frg.
681 4127 782 4192 66g
820 4130 922 4192 (ed.
962 4123 1238 4193 Schneid.).
1312 4128 1434 4175 Luc.
1475 4130 1610 4175 Ann.
1654 4126 1682 4190 ξ
1720 4139 1804 4189 42.

624 4220 674 4281 5)
711 4218 792 4268 Cf.
831 4217 1079 4282 Lycophr.
1120 4230 1223 4280 449
1261 4232 1303 4265 c.
1343 4215 1499 4264 schol.

623 4307 678 4368 6)
716 4306 847 4355 Ibid.
874 4318 993 4369 403,
1041 4318 1188 4369 1234.
1246 4306 1324 4355 Cf.
1362 4312 1615 4370 praeterea
1652 4304 1846 4353 Callim.
1886 4305 2031 4368 frgm.
2072 4316 2135 4367 32
2175 4303 2210 4351 b
2252 4303 2354 4367 (ed.
2395 4297 2674 4369 Schneid.).
2732 4300 2889 4351 Strab.

555 4397 640 4443 IX
680 4394 801 4458 438.
1073 4397 1126 4458 7)
1164 4395 1243 4444 Cf.
1281 4395 1447 4447 Strab.
1486 4394 1630 4442 XIII
1668 4394 1788 4443 606.
2040 4394 2090 4453 8)
2129 4393 2209 4442 Cf.
2247 4392 2379 4440 Ibid.
2419 4392 2501 4441 IV
2546 4391 2660 4452 178,
2709 4390 2820 4440 181.
