3144 5114
1651 519 1743 610 56

521 732 796 816 AeaCQ
853 729 1217 828 Lycaonis
1280 729 1451 819 filio,
1506 731 1704 805 fama
1758 745 1929 818 erat,
1983 743 2164 803 teste
2219 728 2608 802 Pausania:
2665 728 2865 825 (VIII

529 856 796 956 36‚IO.)
844 867 1008 927 ‘Two
1058 866 1261 949 τούτῳ
1307 862 1368 926 δὲ
1422 877 1510 950 τῷ
1559 863 1727 951 λόφῳ
1777 862 1954 938 πόλις
2003 889 2065 926 τε
2107 859 2179 943 ἦν
2204 864 2604 946 Ἀκακήσιον,
2628 865 2862 943 εΕρμοῦ

524 1006 589 1043 τε
649 981 1034 1063 Ἀκακησίου
1055 974 1109 1063 ¹)
1172 978 1356 1043 λίθου
1418 981 1831 1063 πεποιημένον
1897 977 2151 1060 ἄγαλμα
2213 983 2311 1042 καὶ
2381 980 2438 1052 ἐς
2508 981 2664 1059 ἡμᾶς
2711 979 2876 1040 ἔστιν

525 1094 623 1154 ἐπὶ
688 1103 800 1153 τοῦ
864 1087 1073 1170 λόφου·
1140 1103 1442 1172 τραφῆναι
1502 1088 1562 1152 δὲ
1626 1094 1857 1172 εΕρμῆν
1906 1086 2103 1151 παῖδα
2150 1089 2379 1150 αὐτόθι
2427 1091 2527 1149 καὶ
2577 1087 2876 1149 ”Ακακον

527 1203 634 1264 τὸν
672 1200 998 1271 Λυκάονος
1040 1198 1322 1276 γενέσθαι
1367 1202 1423 1262 οἱ
1462 1198 1686 1281 τροφέα
1734 1196 2072 1282 Ἀρκάδων
2119 1198 2282 1260 ἐστὶν
2326 1198 2383 1269 ἒς
2426 1200 2622 1259 αὐτὸν
2668 1193 2869 1274 λόγος.

528 1309 633 1385 Cf.
689 1321 1067 1405 praeterea
1112 1310 1325 1382 Paus.
1363 1310 1532 1381 VIII
1580 1333 1714 1397 3‚2.
1773 1309 1999 1381 Hom.
2041 1323 2113 1378 H
2169 1314 2330 1398 184.
2370 1305 2614 1379 Schol.
2646 1307 2877 1378 Hom.

529 1450 585 1505 L
632 1458 754 1525 42.
810 1431 982 1509 Call.
1042 1432 1255 1506 Dian.
1325 1458 1461 1525 142
1525 1458 1585 1506 e.
1639 1432 1864 1507 schol.
1921 1431 2285 1506 Eratosth.
2341 1432 2441 1503 III
2507 1455 2622 1502 21.

633 1561 1018 1631 Praeterea
1071 1557 1144 1630 in
1202 1558 1435 1632 insula
1489 1557 1989 1643 Samothrace,
2027 1583 2218 1652 quae
2256 1555 2652 1652 praecipue
2680 1568 2882 1648 Ἑρμῇ

527 1683 775 1757 dedita
831 1696 1001 1769 erat,
1057 1683 1128 1755 in
1186 1684 1558 1758 montibus
1596 1683 1927 1756 habitare
1964 1684 2377 1779 putabatur.
2416 1683 2585 1777 Ipsa
2621 1679 2879 1764 insula,

528 1808 831 1882 testibus
888 1810 1250 1882 Strabone
1288 1822 1508 1903 atque
1547 1808 1952 1894 Eustathio‚
1983 1833 2251 1880 nomen
2280 1819 2594 1879 traxerat
2622 1831 2667 1877 a
2695 1803 2880 1876 locis

526 1932 756 2020 editis,
785 1959 975 2027 quae
1003 1933 1391 2031 indigenae
1435 1942 1745 2023 ,,σάμους”
1797 1934 2272 2030 appellarent:
2311 1931 2574 2027 (Strab.
2595 1932 2669 2002 X
2691 1956 2739 2020 4
2756 1929 2877 2028 57)

619 2060 1052 2140 Πιθανώτεροι
1135 2058 1188 2121 δ’
1255 2062 1399 2122 εἰσὶ-ν
1462 2057 1568 2141 (οἱ)
1620 2054 1674 2140 2)
1738 2061 1866 2120 ἀπὸ
1931 2071 2043 2121 τοῦ
2106 2060 2336 2138 σάμους
2398 2052 2725 2118 καλεῖσθαι
2799 2057 2880 2117 τὰ

525 2176 663 2258 ῧψη
722 2177 1022 2257 φήσαντες
1087 2179 1376 2258 εὑρῆσθαι
1434 2190 1619 2240 τοῦτο
1675 2176 1946 2256 τοῦνομα
2002 2182 2113 2260 τὴν
2167 2189 2350 2257 νῆσον
2388 2168 2461 2256 3).
2539 2165 2881 2238 Eustath.

528 2293 622 2365 ad
681 2291 755 2363 ῙῙ.
802 2306 859 2362 Ω
915 2288 1006 2381 78
1056 2317 1124 2387 p.
1186 2317 1383 2383 1340
1419 2349 1911 2366 ............
1994 2302 2214 2381 Σάμον
2282 2298 2338 2361 δ’
2409 2300 2694 2363 ἐνταῦθα
2769 2303 2882 2380 τὴν

531 2418 794 2500 Θρῃκίην
856 2418 1075 2497 Σάμον
1137 2418 1245 2499 ἤτο
1308 2420 1736 2504 Σαμοθρᾴκην
1797 2420 1981 2500 φησίν
2005 2464 2186 2478 .....
2253 2418 2466 2497 Σάμος
2529 2413 2591 2477 δὲ
2642 2412 2880 2493 ἐλέγετο

529 2532 631 2595 διὰ
680 2537 749 2597 τὸ
797 2532 1061 2616 ὑψηλόν.
1109 2536 1339 2616 σάμους
1381 2537 1497 2618 γάρ
1538 2537 1594 2598 οἱ
1633 2536 1770 2597 τότε
1811 2537 1955 2607 τοὺς
1991 2531 2214 2615 λόφους
2251 2531 2471 2612 ἔλεγον.
2507 2522 2642 2622 (Cf.
2671 2550 2881 2621 prae-

527 2663 725 2722 terea
755 2651 955 2723 Eust.
994 2650 1087 2722 ad
1146 2663 1221 2721 N
1271 2651 1403 2748 12.)
1445 2649 1644 2722 Hinc
1685 2649 1994 2722 fortasse
2040 2660 2271 2738 Ἑρμοῦ
2317 2649 2488 2736 filio,
2528 2650 2600 2722 in
2641 2650 2886 2724 insula

529 2775 1007 2849 Samothrace
1062 2788 1253 2860 nat0,
1291 2800 1558 2847 nomen
1600 2773 1902 2848 Samoni
1941 2773 2095 2846 sive
2135 2773 2361 2846 Saoni
2401 2773 2715 2848 inditum
2758 2790 2884 2850 est.

635 2903 1018 2972 Postremo
1084 2898 1288 2995 digni
1361 2899 1717 2986 videntur,
1783 2900 1878 2972 de
1934 2897 2203 2993 quibus
2258 2898 2400 2971 hoc
2456 2900 2625 2972 loco
2684 2927 2885 2974 men-

528 3025 799 3099 tionem
859 3024 1141 3110 faciam,
1195 3023 1524 3120 lapidum
1565 3023 1662 3096 illi
1702 3022 1960 3111 acervi,
2018 3023 2143 3118 qui
2180 3029 2426 3116 ἓρμακες
2461 3024 2617 3098 sive
2653 3035 2885 3116 ἕρμαῑοι

531 3157 705 3239 λόφοι
754 3150 1205 3222 vocabantur
1260 3148 1534 3244 quique
1590 3148 1661 3221 in
1710 3155 1939 3243 ζΕρμοῡ
1984 3150 2341 3222 honorem
2391 3149 2463 3221 in
2500 3149 2637 3223 viis
2676 3163 2888 3224 erant

529 3274 888 3347 exstructi.
934 3273 1267 3347 Viatores
1306 3273 1391 3347 iis
1428 3299 1650 3370 saepe
1688 3287 2063 3370 tamquam
2104 3273 2451 3346 altaribus
2488 3277 2888 3348 utebantur

530 3411 750 3493 atque
805 3398 1012 3472 novis
1068 3423 1358 3495 semper
1402 3398 1771 3495 lapidibus
1810 3399 1880 3471 in
1920 3424 2048 3472 eos
2097 3397 2571 3472 coniiciendis
2612 3425 2888 3497 conge-

609 3656 652 3713 1)
691 3640 916 3722 ξΕρμοῦ
951 3663 1229 3712 cognomen
1263 3643 1621 3717 Ἀκακήσιον
1661 3649 1866 3696 minime
1903 3648 2162 3697 cohaerere
2200 3664 2313 3697 cum
2350 3648 2504 3696 altero
2541 3649 2776 3708 eiusdem
2806 3652 2888 3699 dei

528 3746 728 3794 nomine
771 3740 880 3799 'Au
926 3764 1083 3814 κητα,
1118 3759 1218 3807 quo
1257 3745 1459 3792 nomine
1495 3745 1693 3808 saepius
1731 3744 1865 3809 apud
1904 3746 2186 3793 Homerum
2224 3752 2552 3810 nuncupatur,
2574 3744 2698 3793 satis
2720 3745 2888 3794 lucide

528 3841 855 3890 Immerwahr
910 3840 1158 3906 probavit.
1196 3839 1370 3901 (Imm.
1408 3840 1481 3888 K.
1522 3857 1571 3888 u.
1609 3842 1685 3889 M.
1725 3844 1793 3889 A.
1834 3854 1900 3903 94
1939 3842 2037 3904 sq.)
2079 3842 2202 3899 „der
2237 3842 2406 3889 Name
2443 3839 2739 3889 Akakesios
2780 3842 2887 3904 (ist)

530 3932 633 3979 rein
671 3930 806 3978 lokal
842 3947 904 3978 zu
939 3928 1157 3979 fassen.”
1803 3931 1855 3993 2)
1896 3930 1953 3983 οἱ
1993 3931 2200 3980 inseruit
2237 3931 2300 3980 G.
2340 3930 2576 3978 Kramer.

603 4028 653 4088 3)
689 4025 922 4074 Straboni
957 4024 1285 4088 adstipulatur
1322 4023 1387 4072 O.
1425 4024 1765 4085 Rubenmhn,
1802 4025 1962 4089 Myst.
2005 4026 2055 4073 in
2092 4025 2263 4073 Eleus.
2286 4024 2389 4072 und
2410 4023 2665 4072 Samothr.
2685 4040 2742 4087 p.
2771 4025 2886 4084 1283

531 4121 703 4164 contra
740 4114 804 4163 O.
831 4115 1051 4179 Gruppe,
1081 4115 1168 4176 (de
1195 4112 1376 4162 Cadmi
1400 4113 1567 4161 fabula
1592 4114 1681 4177 20)
1701 4114 1847 4162 aliam
1887 4116 2016 4163 viam
2043 4115 2292 4177 ingressus
2320 4119 2412 4161 est.
2445 4114 2600 4161 Putat
2638 4114 2887 4188 εἘᾪμῆιι,

529 4212 615 4275 qui
642 4211 776 4274 apud
810 4212 1090 4260 Homerum
1130 4209 1330 4270 Σῶκος
1367 4210 1470 4258 sive
1507 4211 1749 4271 Σάωκος
1787 4213 2177 4274 cognominatur,
2217 4209 2405 4259 insulae
2443 4225 2629 4258 nomen
2663 4210 2888 4261 dedisse.

606 4306 655 4367 4)
694 4306 773 4354 Cf.
812 4306 968 4355 Diod.
1005 4307 1103 4356 Sic.
1144 4307 1194 4355 V
1234 4305 1318 4369 48,
1367 4306 1452 4353 ubi
1492 4306 1608 4355 vide
1645 4312 1816 4355 annot.
1875 4306 2213 4368 Wesselingii.
2296 4304 2376 4353 Cf.
2415 4313 2668 4369 praeterea
2706 4305 2889 4371 Apoll.

533 4393 711 4443 Rhod.
751 4396 775 4442 Ι
813 4405 933 4456 917.
