3144 5114
1458 531 1553 598 39

308 720 695 818 elegerint,
760 721 832 794 in
890 722 1159 817 quibus
1211 734 1310 793 Λιί
1356 733 1533 819 ὑετίῳ
1580 722 1734 796 sive
1781 734 2004 820 ὀμβρίῳ
2053 737 2545 819 precarentur,
2602 739 2682 798 ut

310 846 599 919 imbres
674 846 1004 933 mitteret,
1078 847 1149 919 in
1225 847 1494 943 quibus
1548 847 1719 921 huic
1776 849 1918 921 deo
1976 874 2139 922 aras
2196 863 2557 922 struerent
2612 863 2683 922 et

308 972 602 1067 templa
656 971 1151 1045 aedificarent·
1174 969 1240 1073 ¹).

431 1096 754 1170 Pertinet
832 1096 977 1170 huc
1060 1097 1363 1171 historia
1446 1099 1539 1171 de
1617 1110 1748 1193 ἱερῷ
1831 1119 1944 1170 τοῦ
2010 1104 2446 1189 Πανελληνίου
2519 1109 2678 1186 Διός,

309 1222 531 1318 quod
613 1223 909 1295 Aeacus
992 1248 1285 1296 summo
1363 1222 1435 1295 in
1509 1222 1850 1320 Aeginae
1908 1235 2156 1295 monte
2211 1206 2679 1296 Panhellenio

309 1346 746 1421 condidisse
829 1347 1197 1420 ferebatur
1230 1346 1300 1448 2).
1378 1350 1840 1421 Narrabatur
1913 1347 2128 1433 enim,
2186 1347 2379 1434 olim,
2449 1374 2678 1444 quum

309 1472 674 1545 diuturna
726 1471 1051 1546 siccitate
1108 1473 1422 1547 Graecia
1476 1474 1863 1559 laboraret,
1917 1474 2200 1569 legatos
2249 1498 2337 1545 ex
2374 1471 2680 1569 singulis

310 1596 687 1672 Graeciae
743 1598 1049 1672 urbibus
1106 1598 1474 1695 supplices
1531 1598 1796 1673 adiisse
1849 1600 2204 1684 Aeacum,
2263 1597 2388 1693 qui
2445 1600 2539 1670 ab
2590 1624 2679 1671 eo

309 1734 673 1819 peterent,
756 1737 838 1795 ut
917 1724 1347 1798 calamitatis
1403 1724 1997 1820 deprecationem
2053 1723 2472 1819 susciperet.
2557 1724 2682 1797 Ille

309 1847 612 1933 deinde,
669 1873 961 1921 summo
1020 1849 1091 1921 in
1149 1861 1398 1922 monte
1454 1849 1922 1922 Panhellenio
1953 1848 2177 1922 sacris
2206 1848 2340 1921 rite
2370 1848 2679 1943 peractis

310 1986 398 2046 et
453 1973 646 2046 votis
702 1974 1156 2070 nuncupatis,
1213 2002 1257 2048 a
1312 1977 1454 2048 deo
1504 1974 2008 2071 impetravisse
2038 1973 2318 2060 dicitur,
2348 1986 2428 2045 ut
2457 1976 2680 2047 Grae-

311 2097 443 2171 cia
499 2123 750 2171 rursus
808 2098 1151 2172 imbrium
1211 2125 1521 2198 compos
1579 2100 1801 2173 fieret.
1859 2100 1939 2171 In
1997 2099 2205 2171 cuius
2262 2097 2365 2171 rei
2406 2124 2680 2171 memo-

312 2222 511 2295 riam
566 2223 977 2320 Aeginetae
1031 2250 1324 2298 summo
1381 2226 1452 2297 in
1512 2239 1760 2298 monte
1792 2223 2260 2297 Panhellenio
2289 2234 2388 2294 Λιί
2419 2224 2676 2296 aedem

304 2347 900 2422 aedificaverunt
957 2363 1028 2422 et
1082 2376 1291 2424 sacra
1346 2351 1826 2424 instituerunt.

432 2455 620 2528 Cum
707 2456 851 2529 hoc
926 2469 1069 2538 Διὸς
1139 2464 1571 2549 Πανελληνίου
1646 2458 1866 2543 cultu,
1946 2470 2129 2530 teste
2202 2456 2565 2529 Pausania
2608 2452 2678 2554 3),

306 2581 697 2655 veneratio
764 2595 907 2664 Διὸς
953 2592 1272 2673 Ἀφεσίου,
1337 2583 1463 2677 qui
1520 2583 1592 2655 in
1651 2597 1898 2655 monte
1954 2585 2306 2679 Megarae
2354 2582 2518 2654 urbi
2557 2583 2680 2654 ad-

306 2707 585 2780 iacenti
669 2708 1064 2795 colebatur,
1147 2708 1506 2781 cohaeret.
1591 2708 1760 2801 Quo
1840 2709 2066 2781 modo
2124 2709 2528 2794 cohaereat,
2586 2733 2678 2780 ex

306 2831 731 2906 Pausaniae
787 2833 1086 2927 quidem
1143 2834 1386 2907 verbis
1442 2833 1806 2929 corruptis
1864 2859 2007 2906 non
2058 2833 2230 2907 satis
2260 2834 2514 2918 elucet,
2542 2834 2675 2905 sed

307 2958 632 3030 fortasse
687 2958 857 3030 inde
910 2959 1175 3031 horum
1234 2959 1543 3031 deorum
1603 2958 1960 3032 connexio
2010 2958 2292 3044 exstitit,
2347 2958 2550 3053 quod
2579 2958 2674 3029 ab

307 3096 638 3177 utroque
668 3084 811 3156 deo
841 3108 1133 3156 summo
1164 3085 1235 3156 in
1267 3097 1515 3157 monte
1543 3084 1815 3158 imbres
1836 3096 2416 3179 exposcerentur.
2475 3084 2674 3155 Nam

308 3207 542 3281 etiam
619 3218 740 3278 Δία
814 3217 1112 3298 Ἀφέσιον
1187 3209 1409 3282 fuisse
1465 3210 1688 3282 deum
1745 3209 2157 3306 pluvialem,
2213 3207 2675 3303 cognominis

309 3321 779 3429 etymologia
835 3335 1324 3429 comprobare
1381 3334 1672 3407 videtur
1707 3330 1776 3433 4).

399 3477 444 3536 1)
482 3476 653 3528 Etiam
711 3475 893 3524 nostris
950 3475 1126 3524 diebus
1188 3476 1364 3525 Graeci
1410 3478 1693 3540 frequenter
1735 3492 1947 3541 pompas
1985 3476 2252 3524 sollemnes
2290 3476 2356 3524 ad
2393 3475 2502 3523 loca
2541 3474 2676 3523 edita

308 3566 523 3624 ducunt,
562 3573 618 3613 ut
654 3565 837 3613 imbres
874 3565 1104 3629 precibus
1143 3575 1424 3632 exposcant.
1463 3566 1543 3615 De
1582 3582 1678 3629 qua
1715 3582 1767 3614 re
1801 3568 1866 3616 cf.
1904 3567 2089 3615 Neum.
2111 3581 2160 3614 u.
2181 3564 2405 3622 Partsch,
2429 3563 2672 3628 „Physik.

310 3655 502 3716 Geogr.
540 3670 587 3702 V.
628 3653 943 3704 Griechenl.''
982 3670 1035 3718 p.
1077 3665 1159 3716 79.

392 3740 447 3808 2)
484 3743 566 3793 Cf.
605 3744 757 3792 PauS.
793 3744 849 3790 II
890 3754 1006 3804 29‚7
1048 3759 1124 3807 sq.
1164 3756 1302 3808 30,4.
1340 3745 1492 3797 Isocr.
1531 3745 1691 3808 Euag.
1731 3745 1759 3810 ἓ
1803 3759 1882 3807 14.
1921 3745 2069 3795 Pind.
2107 3744 2263 3796 Nem.
2302 3745 2355 3793 V
2406 3755 2487 3798 10,

425 3834 444 3893 )
480 3834 635 3883 PauS.
672 3833 699 3880 Ι
809 3869 821 3890 ,
863 3872 876 3885 .

392 3845 455 3984 ᾗ)
491 3846 858 3985 (ἶοςοοηιέη4ξ
889 3923 1042 3971 verbo
1081 3920 1317 3990 ἀφίεναι
1360 3923 1673 3989 „dimittere”
1718 3925 1993 3973 derivatum
2026 3924 2243 3972 indicare
2280 3922 2476 3972 videtur
2501 3922 2670 3980 deum,

317 4015 414 4079 qui
435 4014 618 4064 imbres
638 4016 872 4068 dimittat.
898 4017 978 4065 Ex
997 4018 1172 4067 eadem
1193 4020 1347 4084 stirpe
1368 4021 1517 4067 etiam
1538 4026 1676 4067 ortus
1698 4025 1788 4076 est,
1810 4020 1850 4067 si
1888 4019 2009 4082 quid
2030 4019 2195 4077 vide0,
2217 4022 2293 4072 Ζε
2302 4017 2363 4078 ὐς
2388 4015 2644 4073 Ἀπεσάν
2657 4047 2674 4057 -

316 4126 470 4173 τιος,
514 4110 594 4158 cui
629 4110 680 4157 in
717 4111 872 4160 arduo
909 4112 1165 4175 Argolidis
1202 4119 1374 4161 monte
1415 4117 1675 4178 Apesante
1712 4113 1923 4162 Perseus
1953 4113 2073 4161 olim
2101 4128 2205 4161 rem
2226 4114 2445 4163 divinam
2466 4115 2672 4163 fecissse

318 4204 596 4253 dicebatur.
635 4203 715 4257 Cf.
741 4206 891 4258 Paus,
916 4206 971 4254 ΙΙ
1016 4218 1147 4272 15,3.
1186 4207 1362 4272 steph.
1387 4209 1511 4272 Byz.
1540 4224 1583 4261 S.
1609 4224 1659 4260 v,
1684 4200 1949 4268 νΑπεῖσοις
2004 4208 2179 4272 Etym.
2200 4208 2392 4272 Magn„
2414 4208 2502 4257 ubi
2524 4208 2670 4269 Ζεύς

320 4295 608 4365 ‘Ansam
657 4304 708 4346 et
751 4303 896 4365 Ζεύς
945 4306 958 4325 ²
963 4303 1331 4364 Ληεσάνηος
1369 4302 1498 4351 inter
1535 4318 1641 4352 sese
1679 4303 2063 4356 confunduntur.
2103 4304 2316 4358 Hesiod.
2338 4304 2529 4369 Theog.
2552 4317 2671 4368 331.

326 4397 708 4460 Pseudo-Pht„
750 4401 812 4449 de
848 4400 967 4453 fluv,
1006 4408 1056 4449 et
1093 4406 1249 4453 mont.
1289 4415 1424 4453 nom.
1471 4400 1530 4449 18
1572 4399 1631 4465 ἐξ
1658 4415 1689 4463 4
1729 4409 1778 4449 et
1817 4414 1864 4463 9.
1888 4399 2081 4452 Callim.
2104 4402 2162 4453 fr.
2191 4400 2254 4449 82
2280 4402 2377 4464 (ed.
2399 4401 2673 4465 Schneid.).
