3144 5114
1367 534 1456 605 73

247 741 589 802 terrarum
666 726 737 800 in
794 728 974 802 locis
1031 727 1460 816 celsissimiS‚
1515 721 1797 825 templa‘
1843 729 2163 802 habebat
2210 736 2578 822 Ἀφροδίτη.

251 854 440 928 Hinc
491 861 778 945 ’Ἀκραια
824 851 875 954 1)
930 855 1334 928 vocabatur
1372 854 1571 950 apud
1600 854 1944 947 Argivos,
1974 854 2117 949 qui,
2144 855 2332 929 sicut
2358 882 2583 952 supra

248 978 574 1066 vidimuS‚
629 980 846 1053 etiam
898 986 1219 1071 Ἀρτέμιδι
1269 989 1541 1074 Ἀκραίᾳ
1590 979 1910 1052 honores
1956 979 2390 1054 tribuebant.
2439 983 2583 1053 Eo-

249 1105 408 1177 dem
492 1105 789 1178 nomine
872 1105 943 1177 in
1026 1131 1319 1178 summo
1404 1105 1628 1202 Cypri
1714 1118 1980 1192 monte,
2034 1105 2159 1201 qui
2217 1106 2582 1203 Olympus

249 1228 521 1317 dicitur,
577 1230 956 1303 colebatur
993 1229 1062 1330 2),
1119 1230 1327 1304 cuius
1384 1230 1662 1304 insulae
1715 1230 1880 1303 loca
1935 1230 2282 1304 altissima
2337 1231 2585 1304 omnia

246 1354 389 1428 fere
444 1356 516 1428 in
574 1355 851 1429 deliciis
905 1356 1226 1429 habebat
1272 1368 1307 1446 ἡ
1352 1366 1796 1448 Κυπρογενεία,
1843 1355 2190 1452 quocirca
2245 1356 2315 1428 in
2373 1356 2582 1429 editis

248 1480 442 1553 Idalii
498 1479 695 1554 silvis
730 1476 800 1580 3),
856 1481 925 1553 in
984 1480 1284 1554 Pedalio
1322 1476 1373 1579 4)
1429 1481 1500 1554 in
1557 1480 1919 1579 Zephyrio
1957 1477 2008 1579 5)
2045 1480 2583 1576 promontoriiS‚

245 1611 609 1696 Ἀφροδίσια
654 1619 859 1679 erant
913 1617 1293 1679 exstructa.
1846 1593 1853 1599 ⁸

347 1730 569 1824 Quod
643 1745 885 1804 autem
961 1756 1003 1804 e
1057 1731 1663 1826 praecedentibus
1721 1744 2025 1827 apparet
2079 1731 2585 1828 promontoria

248 1881 416 1951 prae
490 1856 746 1929 ceteris
817 1855 995 1928 locis
1069 1868 1240 1952 apta
1310 1855 1465 1929 visa
1530 1881 1690 1929 esse
1745 1856 1841 1929 ad
1897 1857 2111 1930 deam
2179 1856 2583 1942 colendam,

250 1979 318 2051 id
388 1981 606 2054 etiam
666 1980 926 2054 clarius
989 1981 1315 2077 perlucet
1370 2006 1458 2053 ex
1513 1979 1597 2053 iis
1646 1988 2026 2073 Ἀφροδίτης
2073 1982 2403 2068 cultibus
2459 1982 2584 2078 qui

249 2107 337 2177 ab
406 2108 665 2179 Aenea
719 2105 1016 2179 instituti
1082 2131 1241 2180 esse
1300 2106 1735 2179 ferebantur.
1798 2108 2090 2180 Aeneas
2146 2107 2356 2194 enirn,
2412 2133 2581 2181 cum

248 2231 538 2304 Troiam
597 2232 853 2304 urbem
911 2257 956 2304 a
993 2233 1295 2306 Graecis
1333 2231 1701 2304 incensam
1742 2218 2161 2326 reliquisset,
2198 2245 2278 2305 ut
2314 2257 2580 2305 novam

246 2356 548 2450 patriam
641 2371 1037 2452 quaereret,
1128 2381 1599 2452 quocumque
1689 2356 1996 2429 navibus
2060 2356 2584 2430 circumerrans

246 2480 678 2578 appulserat,
760 2482 830 2553 in
913 2482 1277 2555 littoribus
1362 2481 1570 2554 matri
1628 2482 1886 2554 aedem
1943 2506 2226 2554 sacram
2275 2481 2585 2555 erexisse

246 2606 637 2681 dicebatur.
730 2609 909 2682 Inde
999 2633 1233 2703 usque
1324 2608 1419 2681 ad
1513 2607 1853 2706 Dionysii
1916 2607 2583 2681 Halicarnassensis

246 2745 550 2806 aetatem
618 2732 852 2807 ubivis
909 2733 978 2805 in
1037 2733 1341 2829 rupibus
1398 2733 1467 2805 in
1528 2757 1728 2805 mare
1783 2732 2361 2829 prominentibus
2417 2732 2586 2806 fana

245 2871 443 2931 erant
507 2864 890 2950 Ἀφροδίτης
958 2865 1288 2940 Αἰνειάδος
1340 2854 1409 2956 6).
1468 2859 1548 2930 In
1606 2882 1865 2931 eorum
1925 2883 2221 2953 quoque
2276 2884 2582 2958 numero

244 2990 621 3075 Ἀφροδίτης
667 2994 986 3076 Ἐρυκίνης
1032 2993 1184 3076 ἱερόν
1231 2983 1697 3056 referendum
1755 2997 1881 3070 est,
1937 2983 2140 3079 quod
2196 2983 2266 3056 in
2298 2983 2585 3058 Siciliae

247 3120 488 3180 monte
545 3109 786 3205 Eryce
841 3133 1075 3203 usque
1113 3134 1158 3181 a
1195 3107 1692 3181 remotissimis
1737 3107 2192 3203 temporibus
2230 3111 2585 3194 exstabat3

246 3234 441 3327 quod
524 3258 815 3306 sacrum
898 3235 1192 3307 Aeneas
1276 3232 1469 3319 olim,
1541 3247 1711 3329 post
1781 3232 2085 3329 longum
2162 3258 2455 3307 cursum
2512 3234 2582 3306 in

314 3480 364 3552 1)
398 3484 480 3534 Cf.
520 3482 743 3548 Hesych.
784 3499 824 3533 S.
862 3499 912 3533 v.
950 3485 1177 3557 ’Δκρίιι

314 3577 364 3647 2)
403 3580 485 3630 Cf.
524 3579 691 3629 Strab.
728 3581 869 3628 XIV
908 3578 1031 3630 682.

311 3670 365 3732 3)
402 3670 483 3719 Cf.
521 3670 676 3731 Verg.
716 3669 743 3716 I
780 3668 883 3717 680
920 3685 993 3732 sq.
1022 3669 1081 3716 X
1103 3679 1164 3732 51
1192 3685 1268 3733 sq.
1291 3669 1504 3722 Theocr.
1527 3671 1643 3718 XV
1670 3681 1784 3719 100.
1807 3668 1987 3718 Catull.
2013 3667 2188 3731 36,12.
2210 3667 2387 3732 61,74.
2408 3668 2583 3732 64,96.

309 3761 462 3807 Anno
517 3757 651 3819 1876
690 3759 762 3807 R.
802 3759 873 3806 H.
912 3759 1057 3821 Lang
1093 3758 1144 3807 in
1180 3759 1341 3807 insula
1378 3759 1547 3824 Cypro
1586 3761 1709 3819 loca,
1748 3775 1878 3824 pago
1923 3758 2103 3822 „Dali”
2145 3758 2437 3818 adiacentia,
2476 3774 2584 3823 per-

246 3856 479 3897 scrutatus
516 3854 608 3896 est.
663 3847 833 3894 Aedes
872 3863 1006 3895 sacra
1044 3847 1114 3895 ibi
1150 3848 1213 3896 ab
1252 3863 1313 3896 eo
1351 3848 1535 3897 effossa
1563 3857 1654 3908 est,
1695 3864 1846 3912 quam
1885 3848 2004 3896 olim
2048 3846 2362 3912 Aphroditae
2399 3848 2584 3897 Idaliae

244 3934 441 4001 aliisque
480 3937 765 3985 numinibus
802 3944 1144 3985 consecratam
1183 3938 1333 3986 fuisse
1373 3946 1532 4002 putat.
1572 3939 1652 3988 Cf.
1676 3939 1749 3987 R.
1771 3939 1843 3986 H.
1866 3939 2024 4001 Lang,
2049 3937 2349 3994 „Narrative
2375 3937 2433 3984 of
2446 3953 2582 3985 exca-

246 4026 431 4075 vations
485 4027 537 4074 in
582 4043 612 4074 a
650 4025 835 4091 temple
871 4035 922 4075 at
959 4027 1077 4074 Dali
1119 4023 1381 4093 (Idalium)
1420 4029 1469 4075 in
1509 4028 1760 4093 Cyprus.''
1799 4029 2054 4076 Transact.
2098 4027 2152 4074 of
2189 4025 2273 4074 the
2310 4025 2442 4090 royal
2480 4041 2583 4075 soc.

247 4114 302 4161 of
327 4115 501 4166 literat.
537 4115 662 4164 Vol.
698 4115 786 4162 XI
823 4131 936 4179 pars
973 4116 1000 4162 I
1036 4131 1122 4179 pp.
1163 4125 1389 4178 30—79.

313 4205 366 4268 4)
403 4205 484 4255 Cf.
521 4204 689 4254 Strab.
726 4204 868 4252 XIV
907 4204 1029 4253 682.

316 4295 367 4358 5)
404 4295 538 4343 Ibid.
580 4294 724 4342 XIV
763 4293 882 4357 683.

315 4384 364 4447 b)
400 4383 479 4433 Cf.
517 4385 673 4434 Dion.
715 4383 834 4433 Hal.
872 4382 1029 4433 Arch.
1069 4384 1095 4430 I
1134 4392 1309 4447 50‚51.
