<?xml version="1.0" encoding="UTF-8"?>
<!DOCTYPE html PUBLIC "-//W3C//DTD XHTML 1.0 Transitional//EN"
    "http://www.w3.org/TR/xhtml1/DTD/xhtml1-transitional.dtd">
<html xmlns="http://www.w3.org/1999/xhtml" xml:lang="en" lang="en">
 <head>
  <title>
</title>
<meta http-equiv="Content-Type" content="text/html;charset=utf-8" />
  <meta name='ocr-system' content='tesseract 3.04.00' />
  <meta name='ocr-capabilities' content='ocr_page ocr_carea ocr_par ocr_line ocrx_word'/>
</head>
<body>
  <div class='ocr_page' id='page_1' title='image "./dediisinlocised01albegoog_0081.png"; bbox 0 0 3144 5114; ppageno 0'>
   <div class='ocr_carea' id='block_1_1' title="bbox 1381 529 1465 599">
    <p class='ocr_par' dir='ltr' id='par_1_1' title="bbox 1381 529 1465 599">
     <span class='ocr_line' id='line_1_1' title="bbox 1381 529 1465 599; baseline 0 -19"><span class='ocrx_word' id='word_1_1' title='bbox 1381 529 1465 599; x_wconf 88' lang='lat'><strong>71</strong></span> 
     </span>
    </p>
   </div>
   <div class='ocr_carea' id='block_1_2' title="bbox 243 717 2598 3782">
    <p class='ocr_par' dir='ltr' id='par_1_2' title="bbox 252 717 2598 1789">
     <span class='ocr_line' id='line_1_2' title="bbox 254 717 2596 808; baseline 0.002 -24"><span class='ocrx_word' id='word_1_2' title='bbox 254 717 418 800; x_wconf 73' lang='grc' dir='ltr'><strong><em>εἶναι,</em></strong></span> <span class='ocrx_word' id='word_1_3' title='bbox 466 726 612 797; x_wconf 86' lang='grc' dir='ltr'><strong><em>Διὸς</em></strong></span> <span class='ocrx_word' id='word_1_4' title='bbox 659 720 721 786; x_wconf 75' lang='grc' dir='ltr'><strong>δὲ</strong></span> <span class='ocrx_word' id='word_1_5' title='bbox 769 727 868 786; x_wconf 83' lang='grc' dir='ltr'><strong>καὶ</strong></span> <span class='ocrx_word' id='word_1_6' title='bbox 913 724 1173 806; x_wconf 80' lang='grc' dir='ltr'><em>Κάρμης</em></span> <span class='ocrx_word' id='word_1_7' title='bbox 1225 736 1333 805; x_wconf 82' lang='grc' dir='ltr'><strong>τῆς</strong></span> <span class='ocrx_word' id='word_1_8' title='bbox 1380 721 1707 808; x_wconf 81' lang='grc' dir='ltr'><em>Εὐβούλου</em></span> <span class='ocrx_word' id='word_1_9' title='bbox 1752 725 2173 808; x_wconf 78' lang='grc' dir='ltr'><strong><em>Βριτόμαρτιν</em></strong></span> <span class='ocrx_word' id='word_1_10' title='bbox 2211 724 2512 803; x_wconf 71' lang='grc' dir='ltr'><strong><em>γενέσθαι·</em></strong></span> <span class='ocrx_word' id='word_1_11' title='bbox 2541 773 2554 787; x_wconf 94' lang='grc'><strong>.</strong></span> <span class='ocrx_word' id='word_1_12' title='bbox 2583 774 2596 788; x_wconf 94' lang='grc'><strong>.</strong></span> 
     </span>
     <span class='ocr_line' id='line_1_3' title="bbox 257 830 2598 916; baseline 0.002 -23"><span class='ocrx_word' id='word_1_13' title='bbox 257 880 561 894; x_wconf 90' lang='grc'><strong>........</strong></span> <span class='ocrx_word' id='word_1_14' title='bbox 611 830 972 915; x_wconf 82' lang='grc' dir='ltr'><strong><em>Ἔπίκλησις</em></strong></span> <span class='ocrx_word' id='word_1_15' title='bbox 1021 830 1085 894; x_wconf 78' lang='grc' dir='ltr'><strong>δέ</strong></span> <span class='ocrx_word' id='word_1_16' title='bbox 1129 835 1186 895; x_wconf 81' lang='grc' dir='ltr'><strong>οἱ</strong></span> <span class='ocrx_word' id='word_1_17' title='bbox 1245 835 1416 916; x_wconf 81' lang='grc' dir='ltr'><strong><em>παρά</em></strong></span> <span class='ocrx_word' id='word_1_18' title='bbox 1466 857 1529 895; x_wconf 69' lang='grc' dir='ltr'><strong>τε</strong></span> <span class='ocrx_word' id='word_1_19' title='bbox 1576 832 1944 916; x_wconf 73' lang='grc' dir='ltr'><strong><em>Αἰγινήταις</em></strong></span> <span class='ocrx_word' id='word_1_20' title='bbox 1991 835 2154 897; x_wconf 70' lang='grc' dir='ltr'><strong><em>ἐστὶν</em></strong></span> <span class='ocrx_word' id='word_1_21' title='bbox 2199 833 2447 915; x_wconf 78' lang='grc' dir='ltr'><strong><em>Ἀφαία</em></strong></span> <span class='ocrx_word' id='word_1_22' title='bbox 2498 839 2598 897; x_wconf 81' lang='grc' dir='ltr'><strong>καὶ</strong></span> 
     </span>
     <span class='ocr_line' id='line_1_4' title="bbox 255 920 2598 1035; baseline 0.001 -21"><span class='ocrx_word' id='word_1_23' title='bbox 255 952 563 1015; x_wconf 77' lang='grc' dir='ltr'><strong><em>Δίκτυννα</em></strong></span> <span class='ocrx_word' id='word_1_24' title='bbox 626 952 689 1015; x_wconf 71' lang='grc' dir='ltr'><strong><em>ἐν</em></strong></span> <span class='ocrx_word' id='word_1_25' title='bbox 750 951 982 1035; x_wconf 79' lang='grc' dir='ltr'><strong><em>Κρήτῃ.</em></strong></span> <span class='ocrx_word' id='word_1_26' title='bbox 1057 942 1414 1016; x_wconf 86' lang='lat' dir='ltr'><strong>Videmus</strong></span> <span class='ocrx_word' id='word_1_27' title='bbox 1470 920 1909 1016; x_wconf 85' lang='lat' dir='ltr'><strong>Pausaniam</strong></span> <span class='ocrx_word' id='word_1_28' title='bbox 1975 950 2263 1032; x_wconf 85' lang='grc' dir='ltr'><strong><em>Ἀφαίαν</em></strong></span> <span class='ocrx_word' id='word_1_29' title='bbox 2326 944 2598 1018; x_wconf 89' lang='lat' dir='ltr'><strong>assimi-</strong></span> 
     </span>
     <span class='ocr_line' id='line_1_5' title="bbox 252 1064 2598 1162; baseline -0 -24"><span class='ocrx_word' id='word_1_30' title='bbox 252 1066 397 1140; x_wconf 92' lang='lat' dir='ltr'><strong>lare</strong></span> <span class='ocrx_word' id='word_1_31' title='bbox 455 1064 898 1154; x_wconf 83' lang='lat' dir='ltr'><strong>Britomarti,</strong></span> <span class='ocrx_word' id='word_1_32' title='bbox 954 1093 1175 1162; x_wconf 91' lang='lat' dir='ltr'><strong>quam</strong></span> <span class='ocrx_word' id='word_1_33' title='bbox 1233 1068 1333 1140; x_wconf 94' lang='lat' dir='ltr'><strong>ob</strong></span> <span class='ocrx_word' id='word_1_34' title='bbox 1386 1092 1539 1141; x_wconf 91' lang='lat' dir='ltr'><strong>rem</strong></span> <span class='ocrx_word' id='word_1_35' title='bbox 1599 1092 1745 1140; x_wconf 90' lang='lat' dir='ltr'><strong>non</strong></span> <span class='ocrx_word' id='word_1_36' title='bbox 1790 1067 2068 1152; x_wconf 85' lang='lat' dir='ltr'><strong>dubito,</strong></span> <span class='ocrx_word' id='word_1_37' title='bbox 2099 1066 2272 1162; x_wconf 91' lang='lat' dir='ltr'><strong>quin</strong></span> <span class='ocrx_word' id='word_1_38' title='bbox 2319 1075 2598 1155; x_wconf 79' lang='grc' dir='ltr'><strong><em>Ἀφαίας</em></strong></span> 
     </span>
     <span class='ocr_line' id='line_1_6' title="bbox 255 1192 2595 1288; baseline 0 -24"><span class='ocrx_word' id='word_1_39' title='bbox 255 1216 688 1288; x_wconf 82' lang='lat' dir='ltr'><strong>cognomen,</strong></span> <span class='ocrx_word' id='word_1_40' title='bbox 726 1192 1138 1287; x_wconf 88' lang='lat' dir='ltr'><strong>quodcum</strong></span> <span class='ocrx_word' id='word_1_41' title='bbox 1168 1194 1398 1266; x_wconf 92' lang='lat' dir='ltr'><strong>verbo</strong></span> <span class='ocrx_word' id='word_1_42' title='bbox 1430 1201 1671 1282; x_wconf 75' lang='grc' dir='ltr'><strong><em>ἀφιέναι</em></strong></span> <span class='ocrx_word' id='word_1_43' title='bbox 1709 1192 2163 1265; x_wconf 82' lang='lat' dir='ltr'>«dimittere»</span> <span class='ocrx_word' id='word_1_44' title='bbox 2201 1192 2595 1265; x_wconf 88' lang='lat' dir='ltr'><strong>cohaerere</strong></span> 
     </span>
     <span class='ocr_line' id='line_1_7' title="bbox 252 1315 2596 1413; baseline 0 -25"><span class='ocrx_word' id='word_1_45' title='bbox 252 1315 551 1403; x_wconf 92' lang='lat' dir='ltr'><strong>videtur,</strong></span> <span class='ocrx_word' id='word_1_46' title='bbox 626 1316 796 1389; x_wconf 88' lang='lat' dir='ltr'><strong>inde</strong></span> <span class='ocrx_word' id='word_1_47' title='bbox 853 1316 1213 1413; x_wconf 80' lang='lat' dir='ltr'><strong>originem</strong></span> <span class='ocrx_word' id='word_1_48' title='bbox 1271 1317 1578 1404; x_wconf 87' lang='lat' dir='ltr'><strong>duxerit,</strong></span> <span class='ocrx_word' id='word_1_49' title='bbox 1634 1316 1808 1413; x_wconf 92' lang='lat' dir='ltr'><strong>quia</strong></span> <span class='ocrx_word' id='word_1_50' title='bbox 1861 1318 2002 1390; x_wconf 93' lang='lat' dir='ltr'><strong>dea</strong></span> <span class='ocrx_word' id='word_1_51' title='bbox 2058 1343 2102 1390; x_wconf 88' lang='lat' dir='ltr'><strong>a</strong></span> <span class='ocrx_word' id='word_1_52' title='bbox 2156 1317 2461 1413; x_wconf 87' lang='lat' dir='ltr'><strong>rupibus</strong></span> <span class='ocrx_word' id='word_1_53' title='bbox 2516 1342 2596 1390; x_wconf 90' lang='lat' dir='ltr'><strong>se</strong></span> 
     </span>
     <span class='ocr_line' id='line_1_8' title="bbox 261 1440 2594 1538; baseline 0 -26"><span class='ocrx_word' id='word_1_54' title='bbox 261 1440 763 1515; x_wconf 86' lang='lat' dir='ltr'><strong>«dimisisset».</strong></span> <span class='ocrx_word' id='word_1_55' title='bbox 821 1442 941 1514; x_wconf 93' lang='lat' dir='ltr'><strong>De</strong></span> <span class='ocrx_word' id='word_1_56' title='bbox 988 1451 1235 1535; x_wconf 64' lang='grc' dir='ltr'><strong><em>Ἀφαία</em></strong></span> <span class='ocrx_word' id='word_1_57' title='bbox 1286 1442 1509 1538; x_wconf 92' lang='lat' dir='ltr'><strong>igitur</strong></span> <span class='ocrx_word' id='word_1_58' title='bbox 1564 1444 1865 1515; x_wconf 91' lang='lat' dir='ltr'><strong>eaedem</strong></span> <span class='ocrx_word' id='word_1_59' title='bbox 1908 1455 2034 1515; x_wconf 90' lang='lat' dir='ltr'><strong>aut</strong></span> <span class='ocrx_word' id='word_1_60' title='bbox 2069 1441 2323 1516; x_wconf 91' lang='lat' dir='ltr'><strong>saltem</strong></span> <span class='ocrx_word' id='word_1_61' title='bbox 2366 1440 2594 1515; x_wconf 91' lang='lat' dir='ltr'><strong>consi-</strong></span> 
     </span>
     <span class='ocr_line' id='line_1_9' title="bbox 254 1565 2595 1662; baseline 0.002 -26"><span class='ocrx_word' id='word_1_62' title='bbox 254 1565 452 1639; x_wconf 91' lang='lat' dir='ltr'><strong>miles</strong></span> <span class='ocrx_word' id='word_1_63' title='bbox 500 1565 791 1639; x_wconf 84' lang='lat' dir='ltr'><strong>fabulae</strong></span> <span class='ocrx_word' id='word_1_64' title='bbox 829 1579 1163 1640; x_wconf 81' lang='lat' dir='ltr'><strong>narratae</strong></span> <span class='ocrx_word' id='word_1_65' title='bbox 1201 1591 1362 1640; x_wconf 89' lang='lat' dir='ltr'><strong>esse</strong></span> <span class='ocrx_word' id='word_1_66' title='bbox 1408 1566 1767 1654; x_wconf 87' lang='lat' dir='ltr'><strong>videntur,</strong></span> <span class='ocrx_word' id='word_1_67' title='bbox 1798 1592 1987 1662; x_wconf 91' lang='lat' dir='ltr'><strong>quae</strong></span> <span class='ocrx_word' id='word_1_68' title='bbox 2015 1568 2109 1639; x_wconf 94' lang='lat' dir='ltr'><strong>de</strong></span> <span class='ocrx_word' id='word_1_69' title='bbox 2141 1566 2595 1652; x_wconf 88' lang='lat' dir='ltr'><strong>Britomarte‚</strong></span> 
     </span>
     <span class='ocr_line' id='line_1_10' title="bbox 253 1689 2589 1789; baseline 0 -27"><span class='ocrx_word' id='word_1_70' title='bbox 253 1689 574 1764; x_wconf 92' lang='lat' dir='ltr'><strong>Minoem</strong></span> <span class='ocrx_word' id='word_1_71' title='bbox 642 1689 946 1787; x_wconf 83' lang='lat' dir='ltr'><strong>fugienti</strong></span> <span class='ocrx_word' id='word_1_72' title='bbox 1028 1705 1099 1764; x_wconf 94' lang='lat' dir='ltr'><strong>et</strong></span> <span class='ocrx_word' id='word_1_73' title='bbox 1164 1691 1234 1763; x_wconf 93' lang='lat' dir='ltr'><strong>in</strong></span> <span class='ocrx_word' id='word_1_74' title='bbox 1295 1718 1494 1765; x_wconf 93' lang='lat' dir='ltr'><strong>mare</strong></span> <span class='ocrx_word' id='word_1_75' title='bbox 1548 1691 1967 1789; x_wconf 87' lang='lat' dir='ltr'><strong>prosilienti,</strong></span> <span class='ocrx_word' id='word_1_76' title='bbox 2039 1691 2348 1765; x_wconf 82' lang='lat' dir='ltr'><strong>traditae</strong></span> <span class='ocrx_word' id='word_1_77' title='bbox 2401 1705 2589 1765; x_wconf 90' lang='lat' dir='ltr'><strong>sunt.</strong></span> 
     </span>
    </p>

    <p class='ocr_par' dir='ltr' id='par_1_3' title="bbox 247 1814 2596 2414">
     <span class='ocr_line' id='line_1_11' title="bbox 352 1814 2593 1915; baseline -0 -27"><span class='ocrx_word' id='word_1_78' title='bbox 352 1815 595 1888; x_wconf 91' lang='lat' dir='ltr'><strong>Etiam</strong></span> <span class='ocrx_word' id='word_1_79' title='bbox 680 1814 881 1897; x_wconf 82' lang='lat' dir='ltr'><strong>iuxta</strong></span> <span class='ocrx_word' id='word_1_80' title='bbox 959 1815 1413 1915; x_wconf 88' lang='lat' dir='ltr'><strong>Anticyram,</strong></span> <span class='ocrx_word' id='word_1_81' title='bbox 1495 1817 1565 1889; x_wconf 92' lang='lat' dir='ltr'><strong>in</strong></span> <span class='ocrx_word' id='word_1_82' title='bbox 1644 1817 1946 1914; x_wconf 92' lang='lat' dir='ltr'><strong>regione</strong></span> <span class='ocrx_word' id='word_1_83' title='bbox 2003 1818 2325 1912; x_wconf 91' lang='lat' dir='ltr'><strong>quadam</strong></span> <span class='ocrx_word' id='word_1_84' title='bbox 2392 1840 2593 1888; x_wconf 92' lang='lat' dir='ltr'><strong>mon-</strong></span> 
     </span>
     <span class='ocr_line' id='line_1_12' title="bbox 250 1940 2593 2036; baseline 0.001 -25"><span class='ocrx_word' id='word_1_85' title='bbox 250 1952 437 2029; x_wconf 89' lang='lat' dir='ltr'><strong>tana,</strong></span> <span class='ocrx_word' id='word_1_86' title='bbox 524 1940 879 2036; x_wconf 90' lang='lat' dir='ltr'><strong>templum</strong></span> <span class='ocrx_word' id='word_1_87' title='bbox 939 1940 1404 2014; x_wconf 88' lang='lat' dir='ltr'><strong>attollebatur</strong></span> <span class='ocrx_word' id='word_1_88' title='bbox 1472 1948 1863 2033; x_wconf 74' lang='grc' dir='ltr'><strong>Ἀρτέμιδος’</strong></span> <span class='ocrx_word' id='word_1_89' title='bbox 1907 1951 2335 2026; x_wconf 81' lang='grc' dir='ltr'><strong><em>Δικτυνναίας,</em></strong></span> <span class='ocrx_word' id='word_1_90' title='bbox 2385 1940 2593 2014; x_wconf 91' lang='lat' dir='ltr'><strong>cuius</strong></span> 
     </span>
     <span class='ocr_line' id='line_1_13' title="bbox 249 2064 2594 2163; baseline 0.001 -27"><span class='ocrx_word' id='word_1_91' title='bbox 249 2064 480 2138; x_wconf 91' lang='lat' dir='ltr'><strong>cultus</strong></span> <span class='ocrx_word' id='word_1_92' title='bbox 554 2064 754 2138; x_wconf 91' lang='lat' dir='ltr'><strong>haud</strong></span> <span class='ocrx_word' id='word_1_93' title='bbox 829 2065 982 2138; x_wconf 90' lang='lat' dir='ltr'><strong>scio</strong></span> <span class='ocrx_word' id='word_1_94' title='bbox 1058 2091 1148 2138; x_wconf 88' lang='lat' dir='ltr'><strong>an</strong></span> <span class='ocrx_word' id='word_1_95' title='bbox 1223 2068 1318 2138; x_wconf 91' lang='lat' dir='ltr'><strong>ab</strong></span> <span class='ocrx_word' id='word_1_96' title='bbox 1391 2064 1770 2163; x_wconf 88' lang='lat' dir='ltr'><strong>Aeginetis</strong></span> <span class='ocrx_word' id='word_1_97' title='bbox 1827 2064 2171 2161; x_wconf 90' lang='lat' dir='ltr'><strong>repetitus</strong></span> <span class='ocrx_word' id='word_1_98' title='bbox 2226 2065 2353 2151; x_wconf 92' lang='lat' dir='ltr'><strong>sit;</strong></span> <span class='ocrx_word' id='word_1_99' title='bbox 2410 2066 2594 2139; x_wconf 91' lang='lat' dir='ltr'><strong>deae</strong></span> 
     </span>
     <span class='ocr_line' id='line_1_14' title="bbox 247 2189 2596 2287; baseline 0 -25"><span class='ocrx_word' id='word_1_100' title='bbox 247 2190 501 2263; x_wconf 90' lang='lat' dir='ltr'><strong>saltem</strong></span> <span class='ocrx_word' id='word_1_101' title='bbox 576 2190 868 2286; x_wconf 91' lang='lat' dir='ltr'><strong>signum</strong></span> <span class='ocrx_word' id='word_1_102' title='bbox 927 2190 1023 2263; x_wconf 92' lang='lat' dir='ltr'><strong>ab</strong></span> <span class='ocrx_word' id='word_1_103' title='bbox 1077 2190 1456 2287; x_wconf 89' lang='lat' dir='ltr'><strong>Aeginetis</strong></span> <span class='ocrx_word' id='word_1_104' title='bbox 1513 2189 1946 2263; x_wconf 85' lang='lat' dir='ltr'><strong>fabricatum</strong></span> <span class='ocrx_word' id='word_1_105' title='bbox 2005 2204 2174 2276; x_wconf 88' lang='lat' dir='ltr'><strong>erat,</strong></span> <span class='ocrx_word' id='word_1_106' title='bbox 2230 2190 2596 2263; x_wconf 90' lang='lat' dir='ltr'><strong>Pausania</strong></span> 
     </span>
     <span class='ocr_line' id='line_1_15' title="bbox 247 2313 942 2414; baseline 0.003 -29"><span class='ocrx_word' id='word_1_107' title='bbox 247 2328 543 2388; x_wconf 89' lang='lat' dir='ltr'><strong>auctore</strong></span> <span class='ocrx_word' id='word_1_108' title='bbox 598 2313 695 2412; x_wconf 90' lang='lat' dir='ltr'><strong>(X</strong></span> <span class='ocrx_word' id='word_1_109' title='bbox 727 2320 845 2404; x_wconf 85' lang='lat'><strong>36,</strong></span> <span class='ocrx_word' id='word_1_110' title='bbox 856 2314 942 2414; x_wconf 90' lang='lat'><strong>5).</strong></span> 
     </span>
    </p>

    <p class='ocr_par' dir='ltr' id='par_1_4' title="bbox 244 2438 2592 3039">
     <span class='ocr_line' id='line_1_16' title="bbox 351 2438 2591 2537; baseline 0 -26"><span class='ocrx_word' id='word_1_111' title='bbox 351 2440 582 2513; x_wconf 88' lang='lat' dir='ltr'><strong>Hisce</strong></span> <span class='ocrx_word' id='word_1_112' title='bbox 637 2438 857 2537; x_wconf 89' lang='lat' dir='ltr'><strong>igitur</strong></span> <span class='ocrx_word' id='word_1_113' title='bbox 911 2439 1258 2535; x_wconf 87' lang='lat' dir='ltr'><strong>exemplis</strong></span> <span class='ocrx_word' id='word_1_114' title='bbox 1314 2454 1620 2536; x_wconf 90' lang='lat' dir='ltr'><strong>apparet</strong></span> <span class='ocrx_word' id='word_1_115' title='bbox 1675 2441 1746 2511; x_wconf 93' lang='lat' dir='ltr'><strong>in</strong></span> <span class='ocrx_word' id='word_1_116' title='bbox 1801 2439 2320 2535; x_wconf 89' lang='lat' dir='ltr'><strong>promontoriis</strong></span> <span class='ocrx_word' id='word_1_117' title='bbox 2359 2453 2484 2512; x_wconf 90' lang='lat' dir='ltr'><strong>aut</strong></span> <span class='ocrx_word' id='word_1_118' title='bbox 2521 2439 2591 2512; x_wconf 91' lang='lat' dir='ltr'><strong>in</strong></span> 
     </span>
     <span class='ocr_line' id='line_1_17' title="bbox 244 2562 2589 2663; baseline 0.001 -28"><span class='ocrx_word' id='word_1_119' title='bbox 244 2562 421 2638; x_wconf 91' lang='lat' dir='ltr'><strong>locis</strong></span> <span class='ocrx_word' id='word_1_120' title='bbox 469 2564 697 2652; x_wconf 88' lang='lat' dir='ltr'><strong>editis,</strong></span> <span class='ocrx_word' id='word_1_121' title='bbox 725 2591 960 2661; x_wconf 90' lang='lat' dir='ltr'><strong>prope</strong></span> <span class='ocrx_word' id='word_1_122' title='bbox 990 2591 1191 2639; x_wconf 93' lang='lat' dir='ltr'><strong>mare</strong></span> <span class='ocrx_word' id='word_1_123' title='bbox 1218 2565 1388 2652; x_wconf 86' lang='lat' dir='ltr'><strong>sitis,</strong></span> <span class='ocrx_word' id='word_1_124' title='bbox 1419 2566 1912 2639; x_wconf 88' lang='lat' dir='ltr'><strong>Britomartim</strong></span> <span class='ocrx_word' id='word_1_125' title='bbox 1952 2565 2104 2639; x_wconf 89' lang='lat' dir='ltr'><strong>sive</strong></span> <span class='ocrx_word' id='word_1_126' title='bbox 2143 2565 2589 2663; x_wconf 89' lang='lat' dir='ltr'><strong>Dictynnam</strong></span> 
     </span>
     <span class='ocr_line' id='line_1_18' title="bbox 247 2689 2592 2786; baseline 0 -25"><span class='ocrx_word' id='word_1_127' title='bbox 247 2689 382 2762; x_wconf 94' lang='lat' dir='ltr'><strong>coli</strong></span> <span class='ocrx_word' id='word_1_128' title='bbox 438 2690 693 2777; x_wconf 91' lang='lat' dir='ltr'><strong>solere,</strong></span> <span class='ocrx_word' id='word_1_129' title='bbox 760 2690 1106 2786; x_wconf 90' lang='lat' dir='ltr'><strong>quocirca</strong></span> <span class='ocrx_word' id='word_1_130' title='bbox 1152 2690 1362 2763; x_wconf 88' lang='lat' dir='ltr'><strong>facile</strong></span> <span class='ocrx_word' id='word_1_131' title='bbox 1401 2691 1841 2764; x_wconf 88' lang='lat' dir='ltr'><strong>adducimur</strong></span> <span class='ocrx_word' id='word_1_132' title='bbox 1878 2691 1973 2764; x_wconf 88' lang='lat' dir='ltr'><strong>ad</strong></span> <span class='ocrx_word' id='word_1_133' title='bbox 2012 2691 2592 2778; x_wconf 83' lang='lat' dir='ltr'><strong>existimandum,</strong></span> 
     </span>
     <span class='ocr_line' id='line_1_19' title="bbox 247 2814 2591 2912; baseline 0 -26"><span class='ocrx_word' id='word_1_134' title='bbox 247 2815 461 2888; x_wconf 89' lang='lat' dir='ltr'><strong>maris</strong></span> <span class='ocrx_word' id='word_1_135' title='bbox 534 2814 831 2889; x_wconf 88' lang='lat' dir='ltr'><strong>tutelam</strong></span> <span class='ocrx_word' id='word_1_136' title='bbox 910 2830 1130 2912; x_wconf 91' lang='lat' dir='ltr'><strong>atque</strong></span> <span class='ocrx_word' id='word_1_137' title='bbox 1203 2816 1578 2888; x_wconf 88' lang='lat' dir='ltr'><strong>arbitrium</strong></span> <span class='ocrx_word' id='word_1_138' title='bbox 1654 2816 1823 2888; x_wconf 90' lang='lat' dir='ltr'><strong>huic</strong></span> <span class='ocrx_word' id='word_1_139' title='bbox 1917 2840 2213 2910; x_wconf 91' lang='lat' dir='ltr'><strong>quoque</strong></span> <span class='ocrx_word' id='word_1_140' title='bbox 2314 2815 2591 2888; x_wconf 92' lang='lat' dir='ltr'><strong>numini</strong></span> 
     </span>
     <span class='ocr_line' id='line_1_20' title="bbox 244 2936 920 3039; baseline 0.004 -28"><span class='ocrx_word' id='word_1_141' title='bbox 244 2940 519 3012; x_wconf 90' lang='lat' dir='ltr'><strong>credita</strong></span> <span class='ocrx_word' id='word_1_142' title='bbox 574 2939 796 3014; x_wconf 84' lang='lat' dir='ltr'><strong>fuisse</strong></span> <span class='ocrx_word' id='word_1_143' title='bbox 849 2936 920 3039; x_wconf 83' lang='lat'><strong>¹).</strong></span> 
     </span>
    </p>

    <p class='ocr_par' dir='ltr' id='par_1_5' title="bbox 243 3063 2589 3782">
     <span class='ocr_line' id='line_1_21' title="bbox 350 3063 2588 3162; baseline -0 -24"><span class='ocrx_word' id='word_1_144' title='bbox 350 3064 570 3151; x_wconf 89' lang='lat' dir='ltr'><strong>Hinc,</strong></span> <span class='ocrx_word' id='word_1_145' title='bbox 641 3065 702 3138; x_wconf 90' lang='lat' dir='ltr'><strong>si</strong></span> <span class='ocrx_word' id='word_1_146' title='bbox 777 3065 956 3161; x_wconf 89' lang='lat' dir='ltr'><strong>quid</strong></span> <span class='ocrx_word' id='word_1_147' title='bbox 1029 3065 1268 3153; x_wconf 90' lang='lat' dir='ltr'><strong>vide0,</strong></span> <span class='ocrx_word' id='word_1_148' title='bbox 1342 3066 1542 3162; x_wconf 92' lang='lat' dir='ltr'><strong>apud</strong></span> <span class='ocrx_word' id='word_1_149' title='bbox 1610 3064 2081 3138; x_wconf 89' lang='lat' dir='ltr'><strong>Plutarchum</strong></span> <span class='ocrx_word' id='word_1_150' title='bbox 2139 3063 2588 3138; x_wconf 90' lang='lat' dir='ltr'><strong>coniunctim</strong></span> 
     </span>
     <span class='ocr_line' id='line_1_22' title="bbox 246 3189 2588 3286; baseline -0 -25"><span class='ocrx_word' id='word_1_151' title='bbox 246 3196 410 3262; x_wconf 77' lang='lat' dir='ltr'><strong>Cum</strong></span> <span class='ocrx_word' id='word_1_152' title='bbox 477 3195 849 3261; x_wconf 85' lang='grc' dir='ltr'><strong><em>Ἀπόλλωνι</em></strong></span> <span class='ocrx_word' id='word_1_153' title='bbox 911 3197 1230 3286; x_wconf 69' lang='grc' dir='ltr'><strong><em>Δελφινίῳ,</em></strong></span> <span class='ocrx_word' id='word_1_154' title='bbox 1284 3191 1427 3263; x_wconf 76' lang='lat' dir='ltr'><strong>deo</strong></span> <span class='ocrx_word' id='word_1_155' title='bbox 1487 3189 1872 3276; x_wconf 78' lang='lat' dir='ltr'><strong>maritimo,</strong></span> <span class='ocrx_word' id='word_1_156' title='bbox 1921 3198 2227 3282; x_wconf 72' lang='grc' dir='ltr'><strong><em>”Αρτεμις</em></strong></span> <span class='ocrx_word' id='word_1_157' title='bbox 2276 3201 2588 3262; x_wconf 78' lang='grc' dir='ltr'><strong><em>Δίκτυννα</em></strong></span> 
     </span>
     <span class='ocr_line' id='line_1_23' title="bbox 246 3320 2589 3406; baseline 0 -20"><span class='ocrx_word' id='word_1_158' title='bbox 246 3327 726 3388; x_wconf 80' lang='lat' dir='ltr'><strong>memoratur:</strong></span> <span class='ocrx_word' id='word_1_159' title='bbox 786 3322 1150 3406; x_wconf 75' lang='grc' dir='ltr'><strong><em>Ἀρτέμιδός</em></strong></span> <span class='ocrx_word' id='word_1_160' title='bbox 1193 3348 1258 3402; x_wconf 71' lang='grc' dir='ltr'><strong>γε</strong></span> <span class='ocrx_word' id='word_1_161' title='bbox 1307 3324 1649 3404; x_wconf 83' lang='grc' dir='ltr'><strong><em>Δικτύννης</em></strong></span> <span class='ocrx_word' id='word_1_162' title='bbox 1695 3320 2021 3403; x_wconf 64' lang='grc' dir='ltr'><strong><em>Δελφινίου</em></strong></span> <span class='ocrx_word' id='word_1_163' title='bbox 2071 3346 2134 3384; x_wconf 73' lang='grc' dir='ltr'><strong>τε</strong></span> <span class='ocrx_word' id='word_1_164' title='bbox 2175 3320 2589 3396; x_wconf 84' lang='grc' dir='ltr'><strong><em>Ἀπόλλωνος</em></strong></span> 
     </span>
     <span class='ocr_line' id='line_1_24' title="bbox 244 3438 2587 3532; baseline 0.002 -25"><span class='ocrx_word' id='word_1_165' title='bbox 244 3448 364 3531; x_wconf 64' lang='grc' dir='ltr'><strong>ἱερὰ</strong></span> <span class='ocrx_word' id='word_1_166' title='bbox 425 3450 527 3509; x_wconf 83' lang='grc' dir='ltr'><strong>καὶ</strong></span> <span class='ocrx_word' id='word_1_167' title='bbox 589 3449 783 3531; x_wconf 81' lang='grc' dir='ltr'><em>βωμοὶ</em></span> <span class='ocrx_word' id='word_1_168' title='bbox 845 3449 1017 3527; x_wconf 84' lang='grc' dir='ltr'><strong><em>παρὰ</em></strong></span> <span class='ocrx_word' id='word_1_169' title='bbox 1081 3443 1333 3518; x_wconf 81' lang='grc' dir='ltr'><em>πολλοῖς</em></span> <span class='ocrx_word' id='word_1_170' title='bbox 1402 3443 1722 3528; x_wconf 68' lang='grc' dir='ltr'><strong>ζΕλλήνων</strong></span> <span class='ocrx_word' id='word_1_171' title='bbox 1783 3447 1943 3508; x_wconf 73' lang='grc' dir='ltr'><strong><em>εἰσίν.</em></strong></span> <span class='ocrx_word' id='word_1_172' title='bbox 1970 3443 2043 3527; x_wconf 84' lang='grc'><strong>2).</strong></span> <span class='ocrx_word' id='word_1_173' title='bbox 2120 3438 2390 3532; x_wconf 76' lang='lat' dir='ltr'><strong>Neque</strong></span> <span class='ocrx_word' id='word_1_174' title='bbox 2446 3438 2587 3512; x_wconf 77' lang='lat' dir='ltr'><strong>alio</strong></span> 
     </span>
     <span class='ocr_line' id='line_1_25' title="bbox 243 3559 2589 3659; baseline -0 -24"><span class='ocrx_word' id='word_1_175' title='bbox 243 3575 572 3659; x_wconf 87' lang='lat' dir='ltr'><strong>spectare</strong></span> <span class='ocrx_word' id='word_1_176' title='bbox 664 3574 868 3658; x_wconf 87' lang='lat' dir='ltr'><strong>put0‚</strong></span> <span class='ocrx_word' id='word_1_177' title='bbox 939 3587 1129 3656; x_wconf 91' lang='lat' dir='ltr'><strong>quae</strong></span> <span class='ocrx_word' id='word_1_178' title='bbox 1184 3559 1585 3634; x_wconf 88' lang='lat' dir='ltr'><strong>Pausanias</strong></span> <span class='ocrx_word' id='word_1_179' title='bbox 1667 3561 1761 3633; x_wconf 95' lang='lat' dir='ltr'><strong>de</strong></span> <span class='ocrx_word' id='word_1_180' title='bbox 1846 3560 2269 3634; x_wconf 87' lang='lat' dir='ltr'><strong>Britomarti</strong></span> <span class='ocrx_word' id='word_1_181' title='bbox 2351 3562 2589 3648; x_wconf 88' lang='lat' dir='ltr'><strong>tradit,</strong></span> 
     </span>
     <span class='ocr_line' id='line_1_26' title="bbox 243 3685 2587 3782; baseline 0 -21"><span class='ocrx_word' id='word_1_182' title='bbox 243 3712 460 3782; x_wconf 90' lang='lat' dir='ltr'><strong>quam</strong></span> <span class='ocrx_word' id='word_1_183' title='bbox 521 3711 690 3759; x_wconf 92' lang='lat' dir='ltr'><strong>cum</strong></span> <span class='ocrx_word' id='word_1_184' title='bbox 749 3686 890 3759; x_wconf 88' lang='lat' dir='ltr'><strong>dea</strong></span> <span class='ocrx_word' id='word_1_185' title='bbox 949 3697 1230 3780; x_wconf 80' lang='grc' dir='ltr'><strong><em>Λιμναίᾳ</em></strong></span> <span class='ocrx_word' id='word_1_186' title='bbox 1290 3686 1552 3759; x_wconf 92' lang='lat' dir='ltr'><strong>eodem</strong></span> <span class='ocrx_word' id='word_1_187' title='bbox 1612 3685 1779 3758; x_wconf 92' lang='lat' dir='ltr'><strong>loco</strong></span> <span class='ocrx_word' id='word_1_188' title='bbox 1836 3685 2077 3759; x_wconf 88' lang='lat' dir='ltr'><strong>habet.</strong></span> <span class='ocrx_word' id='word_1_189' title='bbox 2163 3689 2376 3760; x_wconf 90' lang='lat' dir='ltr'><strong>Haec</strong></span> <span class='ocrx_word' id='word_1_190' title='bbox 2433 3687 2587 3761; x_wconf 91' lang='lat' dir='ltr'><strong>eius</strong></span> 
     </span>
    </p>
   </div>
   <div class='ocr_carea' id='block_1_3' title="bbox 246 3867 668 3876">
    <p class='ocr_par' dir='ltr' id='par_1_6' title="bbox 246 3867 668 3876">
     <span class='ocr_line' id='line_1_27' title="bbox 246 3867 668 3876; baseline 0 1238"><span class='ocrx_word' id='word_1_191' title='bbox 246 3867 668 3876; x_wconf 95' lang='lat' dir='ltr'><strong> </strong></span> 
     </span>
    </p>
   </div>
   <div class='ocr_carea' id='block_1_4' title="bbox 243 3936 2588 4447">
    <p class='ocr_par' dir='ltr' id='par_1_7' title="bbox 243 3936 2588 4358">
     <span class='ocr_line' id='line_1_28' title="bbox 317 3936 2586 4001; baseline 0 -15"><span class='ocrx_word' id='word_1_192' title='bbox 317 3940 361 3999; x_wconf 88' lang='lat'><strong>1)</strong></span> <span class='ocrx_word' id='word_1_193' title='bbox 389 3939 527 3986; x_wconf 91' lang='lat' dir='ltr'><strong>Huic</strong></span> <span class='ocrx_word' id='word_1_194' title='bbox 551 3938 823 3986; x_wconf 79' lang='lat' dir='ltr'><strong>sententiae</strong></span> <span class='ocrx_word' id='word_1_195' title='bbox 843 3936 1046 3985; x_wconf 90' lang='lat' dir='ltr'><strong>minime</strong></span> <span class='ocrx_word' id='word_1_196' title='bbox 1065 3952 1336 4001; x_wconf 85' lang='lat' dir='ltr'><strong>repugnare</strong></span> <span class='ocrx_word' id='word_1_197' title='bbox 1355 3936 1639 4001; x_wconf 88' lang='lat' dir='ltr'><strong>Dictynnae</strong></span> <span class='ocrx_word' id='word_1_198' title='bbox 1660 3938 2026 3985; x_wconf 86' lang='lat' dir='ltr'><strong>venerationem</strong></span> <span class='ocrx_word' id='word_1_199' title='bbox 2048 3937 2177 3986; x_wconf 88' lang='lat' dir='ltr'><strong>intra</strong></span> <span class='ocrx_word' id='word_1_200' title='bbox 2197 3936 2586 3986; x_wconf 88' lang='lat' dir='ltr'><strong>Lacedaemonis</strong></span> 
     </span>
     <span class='ocr_line' id='line_1_29' title="bbox 243 4025 2587 4090; baseline 0 -16"><span class='ocrx_word' id='word_1_201' title='bbox 243 4025 381 4086; x_wconf 89' lang='lat' dir='ltr'><strong>fines,</strong></span> <span class='ocrx_word' id='word_1_202' title='bbox 420 4043 571 4090; x_wconf 89' lang='lat' dir='ltr'><strong>quam</strong></span> <span class='ocrx_word' id='word_1_203' title='bbox 608 4027 881 4074; x_wconf 86' lang='lat' dir='ltr'><strong>Pausanias</strong></span> <span class='ocrx_word' id='word_1_204' title='bbox 918 4033 1159 4074; x_wconf 88' lang='lat' dir='ltr'><strong>memorat</strong></span> <span class='ocrx_word' id='word_1_205' title='bbox 1197 4025 1301 4088; x_wconf 92' lang='grc' dir='ltr'><strong>(ΙΙΙ</strong></span> <span class='ocrx_word' id='word_1_206' title='bbox 1335 4025 1447 4082; x_wconf 88' lang='lat'><strong>12,8</strong></span> <span class='ocrx_word' id='word_1_207' title='bbox 1487 4026 1570 4073; x_wconf 88' lang='lat' dir='ltr'><strong>III</strong></span> <span class='ocrx_word' id='word_1_208' title='bbox 1604 4037 1735 4088; x_wconf 89' lang='lat'><strong>14,2.</strong></span> <span class='ocrx_word' id='word_1_209' title='bbox 1784 4025 1864 4075; x_wconf 87' lang='lat' dir='ltr'><strong>Cf.</strong></span> <span class='ocrx_word' id='word_1_210' title='bbox 1888 4027 2037 4074; x_wconf 83' lang='lat' dir='ltr'><strong>etiam</strong></span> <span class='ocrx_word' id='word_1_211' title='bbox 2057 4027 2171 4075; x_wconf 87' lang='lat' dir='ltr'><strong>Liv.</strong></span> <span class='ocrx_word' id='word_1_212' title='bbox 2192 4026 2455 4075; x_wconf 88' lang='lat' dir='ltr'><strong>XXXIV</strong></span> <span class='ocrx_word' id='word_1_213' title='bbox 2476 4026 2587 4089; x_wconf 86' lang='lat'><strong>38),</strong></span> 
     </span>
     <span class='ocr_line' id='line_1_30' title="bbox 244 4114 2588 4179; baseline -0 -15"><span class='ocrx_word' id='word_1_214' title='bbox 244 4131 391 4164; x_wconf 91' lang='lat' dir='ltr'><strong>nemo</strong></span> <span class='ocrx_word' id='word_1_215' title='bbox 446 4131 550 4164; x_wconf 91' lang='lat' dir='ltr'><strong>non</strong></span> <span class='ocrx_word' id='word_1_216' title='bbox 603 4114 872 4177; x_wconf 87' lang='lat' dir='ltr'><strong>intelleget,</strong></span> <span class='ocrx_word' id='word_1_217' title='bbox 911 4115 997 4178; x_wconf 93' lang='lat' dir='ltr'><strong>qui</strong></span> <span class='ocrx_word' id='word_1_218' title='bbox 1034 4115 1324 4176; x_wconf 84' lang='lat' dir='ltr'><strong>cognoverit</strong></span> <span class='ocrx_word' id='word_1_219' title='bbox 1362 4121 1411 4163; x_wconf 91' lang='lat' dir='ltr'><strong>et</strong></span> <span class='ocrx_word' id='word_1_220' title='bbox 1447 4114 1651 4162; x_wconf 82' lang='lat' dir='ltr'><strong>aliarum</strong></span> <span class='ocrx_word' id='word_1_221' title='bbox 1690 4115 1884 4163; x_wconf 89' lang='lat' dir='ltr'><strong>urbium</strong></span> <span class='ocrx_word' id='word_1_222' title='bbox 1923 4123 1973 4163; x_wconf 89' lang='lat' dir='ltr'><strong>et</strong></span> <span class='ocrx_word' id='word_1_223' title='bbox 2009 4116 2296 4179; x_wconf 87' lang='lat' dir='ltr'><strong>praesertim</strong></span> <span class='ocrx_word' id='word_1_224' title='bbox 2335 4115 2588 4163; x_wconf 89' lang='lat' dir='ltr'><strong>Lacedae-</strong></span> 
     </span>
     <span class='ocr_line' id='line_1_31' title="bbox 245 4202 2587 4268; baseline 0 -16"><span class='ocrx_word' id='word_1_225' title='bbox 245 4207 405 4253; x_wconf 88' lang='lat' dir='ltr'><strong>monis</strong></span> <span class='ocrx_word' id='word_1_226' title='bbox 440 4204 592 4253; x_wconf 88' lang='lat' dir='ltr'><strong>moris</strong></span> <span class='ocrx_word' id='word_1_227' title='bbox 629 4204 799 4262; x_wconf 82' lang='lat' dir='ltr'><strong>fuisse,</strong></span> <span class='ocrx_word' id='word_1_228' title='bbox 838 4212 894 4253; x_wconf 88' lang='lat' dir='ltr'><strong>ut</strong></span> <span class='ocrx_word' id='word_1_229' title='bbox 930 4204 1027 4252; x_wconf 85' lang='lat' dir='ltr'><strong>sibi</strong></span> <span class='ocrx_word' id='word_1_230' title='bbox 1059 4204 1365 4252; x_wconf 83' lang='lat' dir='ltr'><strong>vindicarent</strong></span> <span class='ocrx_word' id='word_1_231' title='bbox 1392 4203 1600 4252; x_wconf 90' lang='lat' dir='ltr'><strong>deorum</strong></span> <span class='ocrx_word' id='word_1_232' title='bbox 1629 4202 1806 4262; x_wconf 87' lang='lat' dir='ltr'><strong>cultus,</strong></span> <span class='ocrx_word' id='word_1_233' title='bbox 1833 4204 1918 4267; x_wconf 90' lang='lat' dir='ltr'><strong>qui</strong></span> <span class='ocrx_word' id='word_1_234' title='bbox 1945 4204 2175 4268; x_wconf 88' lang='lat' dir='ltr'><strong>primitus</strong></span> <span class='ocrx_word' id='word_1_235' title='bbox 2202 4202 2587 4268; x_wconf 88' lang='lat' dir='ltr'><strong>haudquaquam</strong></span> 
     </span>
     <span class='ocr_line' id='line_1_32' title="bbox 246 4292 1485 4358; baseline 0 -16"><span class='ocrx_word' id='word_1_236' title='bbox 246 4295 336 4342; x_wconf 90' lang='lat' dir='ltr'><strong>sibi</strong></span> <span class='ocrx_word' id='word_1_237' title='bbox 373 4292 560 4358; x_wconf 88' lang='lat' dir='ltr'><strong>proprii</strong></span> <span class='ocrx_word' id='word_1_238' title='bbox 597 4301 780 4343; x_wconf 88' lang='lat' dir='ltr'><strong>essent.</strong></span> <span class='ocrx_word' id='word_1_239' title='bbox 836 4293 917 4343; x_wconf 88' lang='lat' dir='ltr'><strong>Cf.</strong></span> <span class='ocrx_word' id='word_1_240' title='bbox 959 4292 1074 4340; x_wconf 90' lang='lat' dir='ltr'><strong>libri</strong></span> <span class='ocrx_word' id='word_1_241' title='bbox 1110 4293 1206 4340; x_wconf 89' lang='lat' dir='ltr'><strong>mei</strong></span> <span class='ocrx_word' id='word_1_242' title='bbox 1245 4309 1359 4358; x_wconf 87' lang='lat' dir='ltr'><strong>pag.</strong></span> <span class='ocrx_word' id='word_1_243' title='bbox 1406 4306 1485 4355; x_wconf 91' lang='lat'><strong>19.</strong></span> 
     </span>
    </p>

    <p class='ocr_par' dir='ltr' id='par_1_8' title="bbox 317 4380 1437 4447">
     <span class='ocr_line' id='line_1_33' title="bbox 317 4380 1437 4447; baseline 0.001 -18"><span class='ocrx_word' id='word_1_244' title='bbox 317 4385 365 4444; x_wconf 89' lang='lat'><strong>2)</strong></span> <span class='ocrx_word' id='word_1_245' title='bbox 402 4380 674 4441; x_wconf 70' lang='lat' dir='ltr'><strong>Plutarch„</strong></span> <span class='ocrx_word' id='word_1_246' title='bbox 715 4382 776 4429; x_wconf 89' lang='lat' dir='ltr'><strong>de</strong></span> <span class='ocrx_word' id='word_1_247' title='bbox 815 4381 925 4431; x_wconf 91' lang='lat' dir='ltr'><strong>soll.</strong></span> <span class='ocrx_word' id='word_1_248' title='bbox 962 4382 1116 4430; x_wconf 86' lang='lat' dir='ltr'><strong>anim.</strong></span> <span class='ocrx_word' id='word_1_249' title='bbox 1153 4398 1201 4447; x_wconf 89' lang='lat' dir='ltr'><strong>p.</strong></span> <span class='ocrx_word' id='word_1_250' title='bbox 1244 4381 1347 4445; x_wconf 89' lang='lat'><strong>984</strong></span> <span class='ocrx_word' id='word_1_251' title='bbox 1378 4382 1437 4430; x_wconf 93' lang='lat' dir='ltr'><strong>B.</strong></span> 
     </span>
    </p>
   </div>
  </div>
 </body>
</html>
