3144 5114
1691 488 1783 571 78

560 697 767 771 xiSse.
859 699 939 769 In
996 696 1108 770 hiS
1189 705 1428 768 εΕστιάι
1477 697 1655 769 urbs
1711 720 1755 769 a
1801 706 2019 768 ‘Eort'a
2087 693 2246 782 dea,
2304 711 2626 788 Μυκῆναι,
2694 702 2919 786 Θῆβαι,

564 831 877 914 Θεράπναι
951 822 1170 895 urbes
1249 823 1345 895 de
1426 820 1770 920 nymphis
1847 829 2142 913 Μυκήνη,
2193 830 2384 915 Θήβη,
2433 829 2723 913 Θεράπνη
2785 842 2919 890 vo-

561 958 766 1020 catae
839 961 1007 1021 sunt
1043 943 1112 1044 1).
1186 945 1383 1039 Quid
1458 947 1679 1045 igitur
1744 948 2005 1032 obstat,
2060 944 2455 1041 quominus
2511 967 2919 1027 sumamuS,

561 1070 818 1144 eadem
896 1096 1193 1167 quoque
1249 1071 1526 1145 ratione
1582 1073 1841 1145 urbem
1898 1071 2228 1144 Athenas
2256 1094 2525 1143 nomen
2556 1068 2908 1165 adeptam

561 1221 720 1268 esse
775 1222 820 1269 a
875 1197 1114 1293 prisca
1168 1198 1309 1270 dea
1355 1206 1613 1289 Ἀθήνη
1649 1193 1719 1294 2),
1775 1221 1965 1292 quae
2021 1221 2167 1269 non
2226 1196 2294 1268 in
2352 1194 2603 1267 Attica
2650 1192 2918 1278 solum,

561 1321 693 1394 sed
774 1347 908 1418 per
986 1335 1216 1394 totam
1302 1322 1692 1396 Graeciam
1777 1320 2138 1395 coleretur
2219 1344 2556 1416 quaeque
2613 1343 2759 1391 non
2818 1318 2919 1389 ab

561 1446 870 1520 Athenis
952 1449 1135 1520 u'rbe
1219 1447 1288 1519 in
1356 1460 1635 1521 ceteras
1692 1446 2017 1520 civitates
2091 1457 2725 1542 transportaretur,
2779 1441 2918 1514 sed

562 1570 871 1645 fortasse
936 1572 1006 1645 in
1081 1572 1220 1645 hac
1296 1575 1477 1645 urbe
1534 1572 1629 1644 ad
1704 1585 1986 1645 tantum
2062 1571 2420 1644 honorem
2486 1566 2920 1664 perveniret,

563 1708 644 1767 ut
691 1703 1000 1787 Ἀθηνῶν
1043 1721 1311 1770 nomen
1368 1697 1433 1770 ei
1491 1697 1828 1771 inderet?

670 1819 821 1893 Sed
878 1820 1020 1893 iam
1080 1822 1467 1917 quaeritur,
1533 1848 1725 1918 quae
1791 1820 2006 1895 fuerit
2061 1845 2301 1907 causa,
2334 1845 2467 1893 cur
2492 1818 2663 1891 huic
2694 1817 2920 1913 potis·

562 1945 829 2018 simum
889 1946 1073 2019 deae
1128 1947 1198 2019 in
1256 1946 1756 2043 superioribus
1812 1946 2101 2020 urbium
2158 1945 2338 2018 locis
2394 1943 2669 2040 templa
2723 1942 2920 2015 aedi-

563 2070 954 2143 ficaverint.
1013 2072 1212 2144 Nam
1268 2072 1412 2145 hoc
1470 2098 1617 2146 non
1658 2097 1833 2145 casu
1862 2085 2140 2145 tantum
2174 2096 2259 2144 ac
2298 2068 2598 2143 fortuito
2638 2068 2916 2142 factum

565 2220 742 2281 esse,
778 2214 1050 2268 ‘verum
1110 2223 1197 2270 ex
1252 2197 1412 2293 ipsa
1473 2197 1658 2271 deae
1721 2212 1980 2272 natura
2025 2210 2244 2292 atque
2271 2195 2517 2268 indole
2546 2193 2920 2288 consequi,

563 2345 696 2416 per
775 2344 855 2392 se
910 2320 1362 2419 intellegitur.
1419 2325 1538 2425 De
1595 2350 1742 2419 qua
1797 2349 1874 2397 re
1928 2321 2143 2396 variis
2198 2346 2284 2394 ac
2340 2320 2557 2418 plane
2611 2317 2921 2392 diversis

568 2444 805 2518 modis
830 2445 962 2518 viri
992 2447 1189 2520 docti
1218 2449 1610 2522 sententias
1637 2447 2110 2546 protulerunt.
2138 2446 2283 2519 Alii
2311 2447 2527 2519 deam
2551 2443 2849 2518 aethera
2866 2437 2920 2537 3)

565 2586 1125 2667 repraesentare,
1155 2573 1272 2646 alii
1300 2574 1649 2647 tonitrum
1679 2570 1749 2674 4),
1779 2574 1894 2648 alii
1924 2586 2430 2670 tempestatem
2460 2570 2530 2670 ε7),
2560 2570 2677 2643 alii
2707 2593 2922 2642 auro-

569 2720 724 2779 ram
762 2692 815 2795 6)
845 2697 1386 2793 perhibuerunt.
1423 2700 1703 2774 Omnes
1725 2676 1966 2773 autem
1990 2700 2085 2772 ad
2107 2697 2496 2773 sententias
2518 2695 2922 2769 firmandas

566 2820 883 2894 afferunt
941 2823 1395 2901 narrationes
1436 2824 1612 2911 illas,
1644 2851 1833 2921 quae
1862 2825 1957 2898 de
1992 2824 2284 2897 Athena
2311 2821 2521 2921 gravi
2551 2833 2926 2894 armatura

565 2946 821 3019 induta
875 2973 916 3020 e
970 2948 1194 3043 patris
1242 2949 1479 3045 capite
1534 2950 1953 3045 prosiliente
1981 2950 2367 3023 traduntur
2392 2944 2462 3047 7).
2509 2947 2662 3021 Sed
2692 2943 2919 3041 quam

641 3097 687 3156 ι)
726 3095 805 3144 Cf.
849 3097 1027 3145 Herm.
1068 3097 1276 3156 Usener,
1320 3098 1680 3147 Gotternamen
1722 3112 1821 3163 232
1861 3116 1937 3164 sq.

641 3190 688 3250 2)
729 3182 948 3256 Ἀθήνη
987 3187 1332 3250 antiquissima
1369 3188 1490 3236 deae
1527 3189 1746 3237 nominis
1768 3190 1928 3237 forma
1948 3188 2062 3246 fuit,
2082 3202 2140 3236 ex
2159 3203 2257 3251 qua
2276 3193 2452 3251 postea
2474 3183 2773 3255 Ἀθηναία
2792 3182 2919 3242 sive,

565 3282 724 3332 forma
760 3283 1028 3340 decurtata,
1090 3282 1315 3353 Ἀθηνᾶ
1353 3282 1530 3331 eodem
1567 3283 1724 3331 modo
1773 3291 1878 3332 orta
1915 3298 2024 3332 esse
2062 3283 2273 3344 videtur,
2311 3297 2412 3345 quo
2453 3273 2816 3334 Δικτυνναία
2856 3293 2919 3325 ex

568 3372 880 3431 Δίκτυννα.
924 3379 1152 3447 Νικαίη
1188 3393 1247 3425 ex
1265 3380 1445 3447 Νίκη,
1489 3376 1858 3436 Πολυξεναία
1877 3393 1936 3425 ex
1957 3375 2273 3450 Πολυξένη,
2297 3378 2593 3448 Σεληναίη
2611 3392 2672 3424 ex
2694 3376 2921 3444 Σελήνη

566 3481 683 3522 nata
718 3474 837 3522 sint.
876 3471 956 3522 Cf.
995 3473 1066 3521 H.
1106 3472 1263 3531 Usen,
1304 3473 1444 3522 Gott.
1492 3486 1570 3524 10.
1645 3475 1697 3536 3)
1735 3473 1815 3523 Cf.
1856 3474 1917 3523 F.
1957 3473 2021 3522 G.
2061 3473 2318 3531 Welcker‚
2358 3473 2447 3523 Gr.
2485 3471 2702 3522 Gotterl.
2739 3472 2766 3519 I
2793 3482 2918 3533 300.

638 3563 690 3625 4)
728 3561 808 3610 Cf.
842 3561 1189 3625 Fiirtwangler
1224 3562 1277 3609 in
1315 3562 1511 3612 Rosch.
1550 3565 1619 3610 A.
1658 3563 1719 3612 L.
1757 3578 1798 3612 S.
1837 3579 1883 3612 v.
1921 3561 2141 3612 Athena.

640 3648 692 3716 5)
732 3650 807 3699 Cf.
845 3649 1118 3707 Schwartz,
1158 3650 1337 3715 Urspr.
1375 3651 1425 3698 d.
1465 3650 1631 3715 Myth.
1669 3667 1718 3714 p.
1760 3650 1845 3714 38.

638 3739 693 3803 6)
731 3739 811 3788 Cf.
851 3739 973 3787 Max
1010 3738 1210 3796 Miiller,
1249 3739 1562 3788 Nineteenth
1601 3740 1840 3804 Century.
1885 3739 2016 3803 1885
2058 3756 2145 3805 pp.
2184 3740 2287 3804 636
2326 3750 2376 3790 et
2412 3739 2534 3804 639.

641 3830 689 3889 7)
726 3829 935 3892 Egregie
975 3827 1104 3877 hanc
1145 3829 1490 3892 quaestionem
1530 3830 1754 3890 tractavit
1785 3830 1845 3879 L.
1883 3830 1954 3877 R.
1995 3829 2208 3887 Farnell,
2249 3829 2307 3880 C.
2341 3846 2388 3879 o.
2410 3829 2472 3879 G.
2495 3830 2597 3879 S.I
2619 3829 2916 3890 280—291.

638 3916 1006 3982 Disputationis
1067 3916 1319 3967 conclusio
1374 3916 1454 3966 his
1508 3919 1788 3967 continetur
1855 3919 2054 3967 verbis:
2120 3920 2291 3977 „Now
2347 3919 2400 3976 if,
2441 3917 2659 3968 without
2696 3933 2793 3982 any
2828 3916 2918 3982 hy-

568 4007 794 4071 pothesis
832 4013 885 4055 to
922 4013 1043 4055 start
1082 4006 1222 4064 with,
1261 4022 1361 4055 one
1397 4006 1541 4056 looks
1580 4016 1632 4056 at
1657 4006 1742 4056 the
1780 4008 2110 4072 descriptions
2148 4008 2204 4056 of
2239 4007 2325 4057 the
2360 4006 2493 4056 birth
2531 4007 2584 4056 in
2621 4006 2921 4056 theancient

569 4103 713 4160 poets
762 4096 862 4144 and
917 4094 1347 4160 mythographers‚
1405 4112 1501 4146 one
1536 4097 1581 4145 is
1620 4112 1741 4145 soon
1781 4097 1985 4145 assured
2024 4096 2133 4146 that
2170 4097 2288 4162 they
2325 4114 2406 4147 are
2442 4106 2532 4146 not
2567 4099 2831 4146 conscious
2868 4097 2929 4144 of

571 4185 714 4248 using
768 4184 1005 4248 language
1064 4184 1170 4234 that
1207 4184 1353 4233 could
1394 4185 1457 4233 bc
1496 4185 1644 4234 taken
1685 4193 1737 4234 to
1782 4201 1971 4251 convey
2006 4202 2103 4250 any
2140 4185 2355 4236 allusion
2393 4193 2444 4235 to
2481 4203 2511 4235 a
2548 4186 2919 4235 thunderstorm

575 4289 632 4321 or
668 4280 721 4322 to
756 4290 852 4338 any
888 4273 1031 4323 other
1068 4275 1121 4321 of
1161 4274 1243 4322 the
1280 4273 1493 4337 striking
1529 4273 1846 4338 phenomena
1882 4275 1937 4322 of
1971 4277 2194 4324 nature.”

642 4363 722 4411 Cf.
762 4363 911 4411 etiam
949 4366 1017 4411 A.
1060 4365 1217 4427 Lang,
1256 4363 1408 4429 Myth
1446 4364 1561 4412 Rit.
1601 4364 1700 4412 and
1739 4364 1855 4412 Rel.
1896 4365 1949 4412 II
1983 4376 2277 4429 244—250.
