3144 5114
1381 555 1458 600 11

249 740 649 837 peculiares
704 741 1183 817 caerimonias
1239 770 1283 817 a
1329 743 1695 842 Dionysio
1726 745 2353 819 Halicarnassensi
2384 745 2594 819 Livio

250 866 401 940 aliis
457 883 1133 942 commemorantur
1170 865 1239 969 1).

350 992 608 1065 Altera
655 993 944 1087 ⁴Diana⁴
981 1019 1025 1066 a
1080 1009 1328 1068 monte
1382 995 1642 1082 Tifata,
1696 995 1824 1067 ubi
1879 997 2273 1083 colebatur,
2328 1022 2594 1070 nomen

249 1117 607 1191 Tifatinae
662 1133 1045 1215 acceperat
1079 1117 1149 1220 ²).

352 1242 641 1316 Ultimo
708 1244 876 1317 loco
932 1244 1051 1318 hic
1109 1247 1559 1319 nominanda
1614 1260 1723 1319 est
1778 1248 2026 1320 Venus
2084 1247 2420 1345 Erycina,
2476 1248 2595 1321 cui

251 1368 319 1440 in
376 1371 638 1466 Eryce,
696 1368 986 1443 Siciliae
1044 1386 1310 1458 monte,
1365 1373 1589 1447 aedes
1645 1386 1799 1445 erat
1853 1387 2295 1446 consecrata.
2369 1374 2594 1447 Cuius

251 1509 489 1567 tamen
565 1494 842 1567 cultum
900 1510 1162 1591 postea
1232 1500 1584 1584 tractabO,
1663 1523 1832 1570 cum
1908 1499 2003 1570 ad
2050 1505 2433 1591 Ἀφροδίτης
2478 1524 2594 1571 ve-

251 1619 696 1693 nerationem
756 1646 875 1693 me
930 1622 1312 1694 deduxerit
1367 1623 1784 1719 disputatio,

353 1745 641 1840 Quodsi
713 1745 940 1819 hosce
1005 1749 1514 1820 Romanorum
1574 1748 1833 1838 cultus,
1893 1749 2228 1845 quamvis
2285 1749 2594 1846 exig-uus

252 1896 503 1943 eorum
607 1897 954 1945 numerus
1035 1872 1143 1959 sit,
1225 1873 1447 1968 paulo
1531 1874 1942 1948 accuratius
2026 1861 2594 1961 consideramUS,

250 2022 604 2092 perquam
679 1996 999 2070 notabile
1057 1997 1232 2070 mihi
1288 1998 1577 2071 videtur
1631 1999 1826 2071 idem
1885 2000 1979 2072 de
2035 2000 2290 2073 ceteris
2348 2000 2594 2073 Italiae

252 2121 670 2195 numinibus
700 2121 771 2194 in
801 2122 980 2196 locis
1001 2124 1502 2220 superioribus
1524 2124 1734 2197 cultis
1756 2125 2013 2211 valere,
2035 2126 2238 2220 quod
2257 2151 2481 2221 supra
2500 2126 2594 2198 de

252 2248 421 2321 Iove
467 2272 697 2345 agens
745 2248 1221 2322 animadverti
1249 2247 1317 2346 3),
1355 2275 1612 2323 eorum
1635 2249 1962 2322 cultuum
1985 2250 2422 2346 praecipuos
2442 2276 2594 2322 om-

254 2398 378 2446 nes
434 2373 532 2445 ad
562 2373 1050 2447 remotissima
1076 2389 1414 2471 tempora
1443 2374 1864 2448 referendos
1895 2400 2071 2448 esse.
2131 2376 2330 2447 Nam
2362 2389 2434 2448 et
2463 2377 2595 2449 So-

254 2523 507 2572 ranum
594 2512 666 2571 et
732 2498 1050 2572 Dianam
1108 2501 1700 2585 Aventinensem‚
1756 2514 1836 2574 ut
1891 2514 2173 2574 ceteros
2229 2501 2409 2574 deos
2467 2501 2594 2573 mi-

251 2624 444 2698 noris
576 2625 927 2697 momenti
1038 2619 1390 2714 omittam,
1501 2627 1689 2699 inter
1768 2626 2071 2699 numina
2160 2627 2594 2722 perantiqua

250 2750 629 2826 habendos
704 2776 880 2836 esse,
954 2776 1172 2824 nemo
1231 2778 1377 2825 non
1432 2750 1648 2824 videt.
1706 2751 2073 2845 Quocirca
2129 2752 2591 2824 manifestum

251 2890 355 2950 est
409 2875 569 2948 fieri
635 2875 834 2948 nullo
893 2877 1120 2948 modo
1177 2877 1522 2973 potuisse,
1579 2892 1660 2950 ut
1717 2878 2036 2950 Romani
2094 2903 2374 2950 morem
2406 2878 2591 2950 deos

251 2999 318 3073 in
372 3000 555 3074 locis
611 3000 822 3074 editis
878 3002 1166 3075 colendi
1222 3028 1267 3075 a
1321 3002 1625 3076 Graecis
1682 3007 2201 3076 mutuarentur.

352 3127 578 3219 Quod
635 3127 730 3199 ad
786 3140 1068 3199 ceteros
1122 3128 1439 3223 populos
1495 3129 2121 3202 Indo-Germanos
2177 3128 2447 3215 attinet,
2474 3128 2594 3201 vix

250 3278 434 3327 unus
518 3252 704 3325 inter
786 3278 913 3325 eos
996 3253 1355 3326 nominari
1438 3267 1697 3350 potest,
1762 3254 1961 3349 apud
2028 3281 2249 3349 quem
2307 3267 2592 3327 montes

251 3377 383 3452 diis
458 3403 605 3450 non
663 3377 929 3451 fuerint
984 3378 1387 3452 consecrati
1422 3375 1492 3476 4).
1549 3378 1982 3452 Praesertim
2051 3381 2590 3453 Germanorum

323 3603 373 3666 1)
410 3603 566 3651 Dion.
604 3601 723 3649 Hal.
763 3602 845 3650 IV
886 3600 970 3650 26.
1006 3602 1116 3649 Liv.
1157 3604 1183 3649 I
1220 3612 1304 3666 45.
1344 3602 1460 3651 Val.
1500 3603 1623 3650 Max
1660 3602 1768 3651 VII
1808 3615 1855 3664 3,
1901 3615 1945 3648 Ι.
1967 3602 2102 3651 Plut.
2132 3603 2338 3666 Quaest.
2361 3604 2519 3651 Rom.
2541 3617 2589 3666 4.

250 3691 381 3741 Fest.
438 3708 489 3756 p.
551 3703 672 3753 343.
730 3691 958 3740 Servium
1012 3691 1235 3739 Tullium
1289 3681 1421 3740 hanc
1473 3692 1650 3740 aedem
1689 3691 2048 3740 aedificandam
2086 3693 2332 3740 curavisse
2370 3691 2590 3739 traditur.

251 3781 326 3830 Cf.
362 3783 478 3831 Liv.
515 3780 633 3829 Val.
653 3781 794 3829 Max.
835 3780 902 3829 l.1.

322 3871 375 3934 2)
418 3871 501 3920 Cf.
541 3870 757 3919 Varron.
800 3871 872 3919 R.
911 3877 1029 3918 rust.
1071 3870 1154 3917 III
1200 3882 1241 3927 1,
1282 3869 1331 3917 6.
1370 3870 1514 3918 Paul.
1552 3885 1604 3934 p.
1627 3869 1746 3932 366.
1784 3871 1948 3918 Varro
1966 3885 2116 3934 quem
2136 3869 2506 3917 observationes
2527 3870 2591 3917 de

253 3960 551 4024 etymologia
604 3960 854 4007 famosum
909 3975 1028 4007 sane
1064 3959 1406 4017 reddiderunt,
1446 3960 1662 4007 nominis
1698 3961 1941 4022 originem
1980 3958 2182 4006 deducit
2220 3974 2249 4005 a
2295 3958 2447 4014 „tifa”
2488 3959 2591 4007 sive

256 4050 438 4107 „tiba’',
476 4064 608 4113 quae
627 4048 869 4098 vocabula
888 4050 1183 4113 perantiqua
1203 4048 1457 4105 „montis”
1480 4050 1587 4097 sive
1611 4048 1816 4112 ¹„collis”
1838 4062 2040 4096 sensum
2060 4047 2295 4095 habuisse
2314 4048 2589 4096 contendit.

320 4140 369 4200 3)
406 4138 486 4188 Cf.
524 4153 638 4214 pag.
679 4151 727 4200 9.

322 4230 371 4291 4)
408 4227 642 4277 Creuzeri
694 4227 835 4285 liber,
886 4226 972 4291 qui
1011 4223 1298 4275 inscribitur
1334 4227 1560 4291 Symbol.
1599 4244 1648 4277 u.
1689 4225 1854 4290 Myth.
1894 4226 1982 4273 der
2017 4226 2150 4275 alten
2177 4224 2372 4274 Volker
2394 4225 2500 4273 bes.
2539 4226 2589 4273 d.

257 4315 474 4374 Griech.,
514 4316 633 4365 licet
669 4316 772 4365 eius
809 4317 1073 4365 auctoritas
1110 4317 1162 4363 in
1196 4317 1341 4365 rebus
1361 4315 1710 4381 mythologicis
1729 4315 2014 4379 ceteroquin
2035 4316 2138 4363 iure
2156 4316 2208 4362 in
2228 4314 2590 4363 dubitationem

254 4411 476 4464 vocetur‚'
523 4404 588 4470 ad
642 4403 986 4455 huiuscemodi
1040 4405 1198 4454 cultus
1254 4405 1628 4470 cognoscendos
1679 4404 1968 4454 utilissimus
2024 4412 2116 4455 est.
2174 4404 2250 4455 Cf.
2287 4402 2436 4453 huius
2471 4402 2587 4456 libri
