3144 5114
1354 539 1437 606 13

327 731 474 806 Sed
554 730 766 836 haec·
820 730 1200 816 hactenus;
1257 730 1432 805 satis
1496 755 1868 827 superque
1924 730 2274 827 exemplis
2332 746 2565 805 osten-

228 856 476 941 dimus,
560 882 785 951 quam
848 856 1301 952 *pervulgata
1391 857 1592 952 apud
1676 880 1932 928 omnes
2015 855 2165 930 fere
2246 857 2566 953 populos

227 995 405 1055 esset
521 982 981 1055 consuetudo
1093 982 1274 1054 deos
1400 980 1473 1054 in
1583 981 1764 1054 locis
1854 981 2356 1078 superioribus
2449 1009 2567 1056 co-

225 1106 428 1180 lendi.
512 1106 906 1199 Quaeritur
987 1105 1154 1194 iam,
1241 1107 1337 1180 ad
1412 1107 1790 1203 quodnam
1866 1107 2249 1180 numinum
2330 1134 2566 1206 genus

224 1232 623 1327 pertineant
716 1256 971 1305 omnes
1057 1231 1156 1305 illi
1248 1231 1386 1319 dei,
1479 1232 1748 1328 quibus
1805 1246 2090 1306 montes
2163 1233 2566 1307 consecrati

225 1355 499 1430 fuerint.
587 1359 707 1430 De
789 1382 940 1453 qua
1021 1382 1116 1442 re,
1198 1370 1279 1431 ut
1361 1357 1580 1453 plane
1663 1371 1735 1431 et
1789 1357 2126 1431 distincte
2175 1357 2566 1454 proferam,

223 1507 408 1577 quae
486 1482 740 1568 senti0,
824 1507 1010 1577 opus
1093 1482 1228 1555 erit
1307 1482 1562 1579 paucis
1665 1482 1903 1556 verbis
1968 1483 2410 1556 mentionem
2468 1484 2568 1557 fa-

224 1631 382 1681 cere
462 1606 847 1680 cuiusdam
925 1607 1281 1680 montium
1347 1607 1850 1694 venerationiS,
1906 1633 2097 1703 quae
2151 1608 2566 1682 etiamnunc

222 1732 416 1828 apud
524 1731 771 1827 plures
889 1732 1207 1829 populos
1322 1733 1635 1806 incultos
1746 1746 1995 1806 exstat.
2107 1734 2186 1805 In
2281 1733 2567 1808 Siberia

224 1857 410 1930 enim
468 1870 541 1930 et
593 1856 942 1930 America
995 1871 1067 1930 et
1120 1857 1376 1931 Africa
1426 1872 1685 1956 gentes
1740 1857 1993 1931 vivunt
2039 1859 2239 1931 haud
2267 1885 2567 1956 paucae,

224 2008 409 2077 quae
466 1982 839 2055 montibus
891 1982 1043 2056 suis
1095 1982 1413 2056 honores
1468 1983 1799 2057 tribuunt
1837 1983 2142 2069 divinos,
2180 2010 2327 2057 non
2357 1985 2567 2080 quasi

223 2121 476 2202 putent
577 2108 759 2181 deos
860 2107 960 2181 ibi
1044 2085 1313 2181 morari
1394 2109 1648 2195 solere,
1730 2109 1861 2182 sed
1936 2109 2284 2204 quoniam
2368 2110 2567 2206 ipsos

227 2246 505 2306 montes
562 2233 743 2306 deos
796 2232 1085 2305 habent.
1112 2229 1163 2331 ¹)
1222 2234 1394 2306 Hoc
1451 2233 1645 2307 enim
1701 2259 1937 2330 genus
1969 2248 2253 2308 montes
2282 2235 2569 2308 colendi

227 2359 314 2430 ab
379 2358 501 2430 ino
570 2358 760 2438 bene
842 2357 1440 2455 distinguendum
1516 2384 1676 2432 esse
1733 2360 1846 2431 Fr.
1902 2359 2245 2433 Schultze
2317 2359 2389 2431 in
2446 2385 2569 2431 no-

225 2481 500 2567 tissimo
587 2482 708 2555 illo
792 2482 998 2569 libr0,
1055 2483 1180 2580 qui
1237 2483 1331 2556 de
1385 2483 2022 2581 superstitionibus
2079 2510 2123 2556 a
2178 2483 2568 2557 fetissismo

226 2607 709 2705 pendentibus
784 2608 952 2706 agit,
1028 2609 1293 2705 apertis
1366 2609 1610 2683 verbis
1686 2610 1988 2682 monuit.
2014 2607 2067 2706 2>
2150 2610 2420 2683 «Wohl
2472 2637 2567 2684 -zu

226 2733 777 2808 unterscheiden
862 2733 952 2807 ist
1032 2760 1178 2835 von
1263 2735 1431 2807 dem
1517 2733 2146 2831 fetischm‘assigen
2223 2736 2570 2833 Bergcult

225 2858 337 2932 die
408 2859 851 2956 Verehrung
922 2859 1211 2932 solcher
1285 2861 1541 2956 Berge,
1616 2859 1742 2932 auf
1816 2860 2052 2933 denen
2129 2859 2391 2956 irgend
2448 2861 2563 2934 ein
2645 2896 2651 2901 ·

223 2983 672 3057 bestimmter
726 2984 980 3059 Cultus
1037 2985 1218 3058 oder
1272 2984 1434 3058 eine
1491 2985 1823 3059 Gottheit
1878 2985 2080 3057 ihren
2139 2985 2292 3058 Sitz
2348 2986 2564 3059 hatte.

230 3109 345 3182 Da
422 3109 604 3183 wird
686 3110 880 3183 dann
964 3108 1163 3181 nicht
1244 3111 1376 3184 der
1459 3111 1658 3208 Berg
1730 3109 1834 3182 als
1899 3108 2100 3191 diese
2154 3110 2570 3184 tellurische

210 3233 488 3322 Masse,
561 3235 877 3308 sondern
959 3234 1080 3308 die
1152 3235 1482 3309 Gottheit
1552 3234 1902 3308 verehrt.»
1966 3237 2314 3309 Attamen
2369 3236 2569 3309 haud

299 3413 341 3475 1)
379 3413 459 3462 Cf.
517 3413 603 3460 Fr.
659 3412 906 3471 Schultze,
964 3414 1072 3461 Der
1121 3413 1479 3462 Fetischismus
1537 3412 1635 3461 180
1672 3427 1781 3477 sqq.
1814 3413 1865 3476 J.
1903 3412 2168 3472 Lubbock,
2206 3412 2319 3463 The
2355 3416 2479 3478 orig.
2519 3415 2573 3462 of

228 3500 312 3549 civ.
350 3502 455 3551 and
494 3501 581 3551 the
617 3504 761 3566 prim.
800 3502 950 3552 cond.
989 3501 1048 3550 of
1078 3518 1197 3551 man
1238 3515 1335 3566 293
1376 3518 1451 3566 sq.
2575 3492 2579 3495 Α

294 3592 436 3640 Idem
492 3591 556 3639 de
606 3591 1009 3656 Cappadocibus,
1066 3592 1152 3655 qui
1207 3600 1434 3640 montem
1491 3608 1637 3641 suum
1693 3594 1947 3654 Argaeum
1999 3607 2092 3656 pro
2149 3593 2247 3640 deo
2301 3591 2569 3650 habebant,

228 3678 473 3729 Maximus
530 3679 714 3743 Tyrius
768 3682 1085 3729 asseveravit.
1141 3682 1354 3730 Dissert.
1411 3682 1549 3730 VIII
1606 3683 1780 3755 ’Όρος
1838 3679 2236 3741 καππαδόκαις
2288 3684 2382 3734 καὶ
2427 3680 2571 3743 θεὸς

232 3770 324 3821 καὶ
367 3768 535 3843 ὅρκος
579 3773 675 3823 καὶ
720 3768 972 3845 ἄγαλμα.
1011 3769 1283 3819 Permultis
1326 3771 1546 3819 nummis
1585 3770 1948 3835 Cappadociae,
1988 3770 2040 3816 in
2077 3771 2259 3833 quibus
2298 3771 2407 3834 ipse
2425 3786 2571 3819 mons

229 3870 358 3905 sacer
390 3872 654 3922 expressus
693 3865 782 3917 est,
820 3859 953 3908 idem
992 3859 1271 3908 edocemur.
1311 3860 1392 3907 De
1430 3875 1528 3925 qua
1566 3875 1620 3908 re
1640 3861 1702 3908 cf.
1725 3858 1835 3908 Cat.
1857 3860 1940 3906 ΒΥ.
1969 3859 2103 3907 Mus.
2131 3854 2320 3926 (Galat.
2345 3858 2570 3923 Cappad.

230 3945 325 3994 and
359 3945 501 4010 Syr.)
539 3946 642 3995 No·
689 3960 732 4004 1,
775 3959 820 4005 2,
867 3961 945 4006 11,
995 3961 1071 4010 13,
1118 3962 1196 4012 14,
1244 3947 1320 4008 18,
1364 3959 1446 4009 27,
1486 3959 1570 4013 35,
1612 3961 1694 4013 39,
1736 3959 1819 4013 45,
1861 3948 1943 4007 80,
1991 3958 2104 4008 117,
2135 3961 2248 4009 119,
2279 3948 2569 4007 122—126,

236 4044 347 4098 147,
391 4036 683 4098 149—156,
731 4035 843 4094 162,
893 4036 1182 4101 165—180,
1230 4050 1341 4100 193,
1389 4038 1503 4100 198,
1547 4051 1665 4096 201,
1698 4050 1814 4101 203,
1841 4051 1959 4100 204,
1986 4036 2103 4095 208,
2131 4048 2569 4100 212,217-—219,

232 4134 525 4187 223-229,
569 4135 865 4188 232-235,
900 4125 1019 4188 238,
1056 4139 1173 4190 240,
1199 4139 1315 4190 242,
1342 4136 1458 4189 247,
1484 4137 1603 4191 253,
1631 4136 1925 4191 255-257,
1953 4125 2250 4190 260-293,
2275 4136 2569 4190 295-301,

230 4211 349 4273 308,
387 4226 507 4278 310.
548 4226 668 4276 314,
706 4225 827 4278 315,
868 4215 987 4278 326,
1029 4228 1147 4277 329,
1189 4228 1308 4278 330,
1352 4216 1470 4279 336,
1494 4228 1614 4279 339,
1639 4214 2293 4279 3412345‚351-353·Cf·
2314 4224 2571 4279 praeterea

229 4300 419 4362 Introd.
457 4318 509 4367 p.
548 4302 834 4352 XXXIX.
873 4303 1384 4362 Imhoof—Blumm.‚
1425 4306 1568 4353 Mon.
1610 4306 1697 4357 Gr.
1734 4321 1784 4369 p.
1827 4318 1950 4367 419.

304 4387 356 4456 2)
392 4391 477 4440 Fr.
516 4389 763 4463 Schulzte,
801 4392 916 4443 Fet.
964 4393 1079 4445 181.
