3144 5114
1353 539 1443 610 25

235 731 572 804 omnibus
631 731 989 804 montium
1046 731 1724 827 personificationes
1775 732 2298 828 repraesentari
2336 731 2571 828 perhi-

233 855 396 929 buit.
447 856 593 949 Qui
633 856 800 930 licet
826 856 937 929 vir
972 858 1255 944 doctus,
1284 857 1511 929 nimio
1539 857 1785 931 studio
1815 858 1994 931 tales
2024 857 2381 930 montium
2412 884 2570 954 per-

231 981 762 1055 sonificationes
817 982 1216 1079 indagandi
1273 984 1691 1079 perductus,
1747 983 1937 1056 iusto
1976 1010 2283 1056 numero
2321 984 2567 1079 plures

233 1107 530 1181 fortasse
584 1107 755 1180 huic
807 1107 1060 1204 generi
1117 1108 1524 1181 attribuerit
1556 1105 1628 1208 1),
1682 1122 1945 1196 tamen,
2001 1109 2204 1205 quod
2252 1109 2347 1181 ad
2375 1135 2569 1181 sum-

233 1258 417 1307 mam
495 1232 597 1306 rei
664 1232 932 1320 attinet,
989 1233 1290 1307 minime
1344 1233 1722 1307 veritatem
1780 1259 2119 1337 egressus
2175 1260 2334 1308 esse
2390 1234 2565 1306 mihi

231 1358 526 1432 videtur.

327 1483 503 1558 Sine
559 1483 707 1556 ulla
759 1484 952 1557 enim
1010 1484 1465 1558 dubitatione
1520 1484 2039 1559 affirmaverim
2098 1500 2417 1559 montes:
2457 1485 2569 1560 Ci-

229 1608 648 1682 thaeronem
705 1610 912 1682 Idam
965 1611 1309 1683 Latmum
1369 1610 1781 1685 Caucasum
1838 1613 2156 1685 Aetnam
2212 1611 2562 1683 Tmolum

233 1734 594 1832 Cynthum
666 1735 1061 1822 Albanum,
1117 1735 1188 1808 in
1247 1735 1682 1833 anaglyphis
1736 1736 2119 1809 hominum
2177 1735 2567 1833 effigiebus

232 1859 506 1935 effictos
590 1886 750 1934 esse
802 1858 871 1959 2).
946 1840 1379 1935 Praesertim
1438 1861 1719 1934 nummi
1777 1862 2134 1935 montium
2193 1861 2568 1957 personifi-

236 1987 594 2059 cationum
652 1986 1001 2083 exempla
1041 1986 1382 2060 exhibent
1437 1987 1822 2083 complura
1876 2012 2110 2082 eaque
2148 1986 2567 2060 certissima.

216 2111 308 2183 'In
385 2111 499 2186 his
575 2112 941 2209 Olympus
1016 2114 1217 2207 Peon
1286 2113 1624 2185 Haemus
1682 2113 1814 2185 Ida
1871 2113 2244 2208 Rhodope
2299 2111 2567 2207 aliique

236 2250 508 2312 montes
536 2237 737 2310 haud
758 2237 973 2333 pauci
993 2216 1522 2334 saepenumero
1545 2237 1617 2309 in
1639 2237 1959 2311 nummis
1977 2237 2294 2310 hominis
2313 2238 2566 2311 seden-

231 2361 313 2435 tis
365 2362 608 2460 figura
661 2363 980 2459 expressi
1035 2377 1238 2449 sunt3
1295 2389 1482 2460 quos
1520 2362 1820 2458 quidem
1852 2389 2108 2437 omnes
2137 2388 2565 2436 enumerare

231 2503 347 2563 aut
388 2489 550 2564 fuse
602 2502 1045 2585 pertractare
1097 2489 1404 2587 longum
1453 2500 1600 2575 est;
1647 2534 1747 2542 ——
1778 2487 1898 2563 alii
1926 2488 2226 2585 copiose
2254 2487 2398 2561 iam
2427 2488 2567 2561 hac

232 2615 319 2689 de
371 2642 448 2690 re
503 2629 813 2713 egerunt
847 2610 898 2713 3)
955 2661 1055 2675 —
1115 2615 1291 2687 mihi
1347 2641 1522 2688 vero
1578 2615 1850 2688 sufficit
1905 2615 2159 2712 paucis
2215 2613 2591 2710 exemplis·

234 2741 644 2828 ostendisse,
719 2767 796 2815 re
868 2767 1041 2815 vera
1114 2741 1288 2814 olim
1366 2743 1824 2816 Graecorum
1902 2740 2126 2814 moris
2190 2739 2431 2826 fuisse,
2486 2753 2567 2812 ut

234 2860 507 2941 montes
564 2868 885 2941 colerent
938 2880 1315 2963 tamquam
1355 2892 1707 2963 personas
1746 2867 2051 2940 divinos.
2092 2868 2567 2938 Documenta

234 3005 465 3065 autem
551 3007 623 3065 et
703 2992 1124 3089 specimina,
1216 3019 1305 3066 ex
1369 2992 1807 3091 anaglyphis
1890 2991 2363 3087 nummisque
2445 2990 2566 3063 de-

233 3114 593 3217 sumpta4),
624 3116 873 3190 omnia
900 3117 1357 3213 temporibus
1385 3117 1899 3191 Alexandrinis
1928 3143 2074 3190 non
2107 3117 2565 3190 antecedunt.

237 3239 506 3316 Dixerit
589 3241 811 3340 igitur
892 3242 1200 3316 fortasse
1282 3241 1647 3339 quispiam
1730 3243 1918 3316 hanc
1974 3242 2562 3339 superstitionem

235 3367 746 3461 posterioribus
830 3368 1131 3441 demum
1216 3368 1677 3464 temporibus
1760 3383 1994 3442 ortam
2079 3393 2257 3455 esse,
2324 3392 2564 3463 neque

307 3600 350 3660 1)
383 3601 461 3650 De
498 3619 598 3667 qua
633 3618 685 3651 re
727 3602 843 3649 vide
883 3603 950 3651 A.
991 3601 1194 3659 Gerber,
1233 3600 1410 3665 Suppl.
1451 3601 1500 3649 d.
1538 3602 1610 3649 N.
1642 3599 1819 3665 Jahrb.
1858 3600 1892 3648 f.
1932 3601 2072 3649 class.
2099 3599 2232 3648 Phil.
2254 3600 2401 3647 Band
2420 3599 2565 3646 XIII

236 3687 385 3737 Abth.
421 3691 503 3740 VI
537 3693 712 3754 Berge.

303 3778 347 3840 2)
399 3780 474 3830 Cf.
516 3781 582 3830 O.
631 3779 849 3838 Schultz,
887 3780 988 3828 Die
1028 3779 1428 3843 Ortsgottheiten
1464 3782 1517 3828 in
1553 3781 1643 3829 der
1678 3779 1861 3844 griech.
1897 3781 2002 3829 und
2038 3783 2161 3827 rom.
2203 3778 2370 3826 kunst.
2392 3778 2564 3826 Berlin

244 3864 380 3929 1889.
415 3869 676 3933 Steuding,
714 3868 910 3919 Rosch.
950 3871 1099 3920 Ausf.
1136 3871 1260 3921 Lex.
1297 3870 1352 3917 II
1392 3882 1546 3919 2121.

303 3953 354 4022 3)
398 3959 475 4008 Cf.
513 3959 708 4008 Rosch.
747 3962 816 4008 A.
852 3960 915 4008 L.
952 3959 1023 4008 II.
1064 3957 1219 4018 2126,
1257 3960 1342 4008 ubi
1379 3967 1619 4019 auctores,
1658 3960 1745 4024 qui
1780 3959 1876 4008 hac
1916 3959 1978 4007 de
2016 3975 2067 4006 re
2092 3959 2406 4022 scripserunt,
2428 3972 2561 4005 com-

239 4055 583 4106 memorantur;
630 4049 811 4112 quibus
851 4056 1017 4096 tamen
1055 4065 1182 4096 unus
1219 4048 1479 4097 addendus
1517 4056 1595 4097 est
1631 4047 1887 4097 Behrendt
1923 4047 2065 4107 Pick,
2107 4046 2221 4105 „die
2241 4049 2365 4095 Ant.
2386 4047 2573 4096 Miinzs

239 4147 330 4181 von
363 4136 550 4185 Dacien
587 4137 691 4185 und
728 4138 1010 4186 MoeSIen'’.
1049 4136 1182 4189 Berl.
1230 4137 1359 4198 1898
1400 4154 1488 4202 pp.
1535 4151 1650 4201 194,
1691 4151 1790 4201 342
1828 4153 1938 4201 sqq.

304 4221 355 4290 4)
407 4226 485 4274 De
529 4225 809 4290 effigiebus,
846 4243 976 4291 quae
1014 4228 1064 4274 in
1100 4228 1306 4292 picturis
1344 4227 1598 4292 parietinis
1636 4235 1686 4276 et
1721 4228 1895 4276 crustis
1933 4225 2264 4274 vermiculatis
2300 4240 2562 4289 expressae

238 4319 359 4374 sunt,
411 4316 636 4364 consulto
680 4331 782 4365 non
820 4316 1011 4366 locutus
1050 4333 1176 4376 sum,
1215 4318 1452 4381 quoniam
1489 4317 1731 4382 exempla,
1770 4332 1896 4381 quae
1932 4332 1993 4365 ex
2029 4315 2124 4366 illis
2161 4317 2370 4369 ,fortasse
2406 4317 2560 4383 repeti

238 4410 450 4464 possunt,
485 4405 655 4454 omnia
689 4421 839 4470 quam
877 4407 1091 4455 maxime
1127 4406 1429 4459 dubitationi
1465 4407 1684 4459 obnoxia
1719 4411 1849 4460 sunt.
