<?xml version="1.0" encoding="UTF-8"?>
<!DOCTYPE html PUBLIC "-//W3C//DTD XHTML 1.0 Transitional//EN"
    "http://www.w3.org/TR/xhtml1/DTD/xhtml1-transitional.dtd">
<html xmlns="http://www.w3.org/1999/xhtml" xml:lang="en" lang="en">
 <head>
  <title>
</title>
<meta http-equiv="Content-Type" content="text/html;charset=utf-8" />
  <meta name='ocr-system' content='tesseract 3.04.00' />
  <meta name='ocr-capabilities' content='ocr_page ocr_carea ocr_par ocr_line ocrx_word'/>
</head>
<body>
  <div class='ocr_page' id='page_1' title='image "./dediisinlocised01albegoog_0051.png"; bbox 0 0 3144 5114; ppageno 0'>
   <div class='ocr_carea' id='block_1_1' title="bbox 1495 529 1587 596">
    <p class='ocr_par' dir='ltr' id='par_1_1' title="bbox 1495 529 1587 596">
     <span class='ocr_line' id='line_1_1' title="bbox 1495 529 1587 596; baseline 0 -20"><span class='ocrx_word' id='word_1_1' title='bbox 1495 529 1587 596; x_wconf 89' lang='lat'><strong>41</strong></span> 
     </span>
    </p>
   </div>
   <div class='ocr_carea' id='block_1_2' title="bbox 349 718 2762 3429">
    <p class='ocr_par' dir='ltr' id='par_1_2' title="bbox 352 718 2762 1420">
     <span class='ocr_line' id='line_1_2' title="bbox 363 718 2721 817; baseline -0 -25"><span class='ocrx_word' id='word_1_2' title='bbox 363 746 451 793; x_wconf 88' lang='lat' dir='ltr'><strong>re</strong></span> <span class='ocrx_word' id='word_1_3' title='bbox 522 719 770 793; x_wconf 86' lang='lat' dir='ltr'><strong>divina</strong></span> <span class='ocrx_word' id='word_1_4' title='bbox 838 733 1150 817; x_wconf 89' lang='lat' dir='ltr'><strong>peracta,</strong></span> <span class='ocrx_word' id='word_1_5' title='bbox 1207 744 1490 792; x_wconf 88' lang='lat' dir='ltr'><strong>ramum</strong></span> <span class='ocrx_word' id='word_1_6' title='bbox 1552 743 1949 814; x_wconf 90' lang='lat' dir='ltr'><strong>querceum</strong></span> <span class='ocrx_word' id='word_1_7' title='bbox 2006 718 2078 790; x_wconf 91' lang='lat' dir='ltr'><strong>in</strong></span> <span class='ocrx_word' id='word_1_8' title='bbox 2135 743 2508 791; x_wconf 91' lang='lat' dir='ltr'><strong>summum</strong></span> <span class='ocrx_word' id='word_1_9' title='bbox 2567 718 2721 791; x_wconf 88' lang='lat' dir='ltr'><strong>fon-</strong></span> 
     </span>
     <span class='ocr_line' id='line_1_3' title="bbox 359 843 2721 943; baseline -0 -25"><span class='ocrx_word' id='word_1_10' title='bbox 359 859 515 918; x_wconf 90' lang='lat' dir='ltr'><strong>tem</strong></span> <span class='ocrx_word' id='word_1_11' title='bbox 575 844 934 931; x_wconf 89' lang='lat' dir='ltr'><strong>immittit;</strong></span> <span class='ocrx_word' id='word_1_12' title='bbox 991 858 1366 943; x_wconf 88' lang='lat' dir='ltr'><strong>commota</strong></span> <span class='ocrx_word' id='word_1_13' title='bbox 1420 869 1659 939; x_wconf 89' lang='lat' dir='ltr'><strong>aquae</strong></span> <span class='ocrx_word' id='word_1_14' title='bbox 1713 843 2120 940; x_wconf 79' lang='lat' dir='ltr'><strong>superficie,</strong></span> <span class='ocrx_word' id='word_1_15' title='bbox 2156 869 2389 940; x_wconf 90' lang='lat' dir='ltr'><strong>vapor</strong></span> <span class='ocrx_word' id='word_1_16' title='bbox 2418 844 2721 939; x_wconf 88' lang='lat' dir='ltr'><strong>quidam</strong></span> 
     </span>
     <span class='ocr_line' id='line_1_4' title="bbox 357 967 2722 1068; baseline -0 -25"><span class='ocrx_word' id='word_1_17' title='bbox 357 969 818 1068; x_wconf 91' lang='lat' dir='ltr'><strong>caliginosus</strong></span> <span class='ocrx_word' id='word_1_18' title='bbox 873 995 1165 1043; x_wconf 89' lang='lat' dir='ltr'><strong>sursum</strong></span> <span class='ocrx_word' id='word_1_19' title='bbox 1205 995 1458 1043; x_wconf 87' lang='lat' dir='ltr'><strong>versus</strong></span> <span class='ocrx_word' id='word_1_20' title='bbox 1489 969 1748 1054; x_wconf 89' lang='lat' dir='ltr'><strong>oritur;</strong></span> <span class='ocrx_word' id='word_1_21' title='bbox 1787 967 1914 1063; x_wconf 89' lang='lat' dir='ltr'><strong>qui</strong></span> <span class='ocrx_word' id='word_1_22' title='bbox 1943 993 2175 1065; x_wconf 88' lang='lat' dir='ltr'><strong>vapor</strong></span> <span class='ocrx_word' id='word_1_23' title='bbox 2204 970 2722 1064; x_wconf 79' lang='lat' dir='ltr'><strong>undecumque</strong></span> 
     </span>
     <span class='ocr_line' id='line_1_5' title="bbox 353 1092 2762 1179; baseline -0 -11"><span class='ocrx_word' id='word_1_24' title='bbox 353 1095 674 1168; x_wconf 82' lang='lat' dir='ltr'><strong>nebulas</strong></span> <span class='ocrx_word' id='word_1_25' title='bbox 732 1095 1099 1168; x_wconf 89' lang='lat' dir='ltr'><strong>attrahens</strong></span> <span class='ocrx_word' id='word_1_26' title='bbox 1154 1107 1389 1167; x_wconf 91' lang='lat' dir='ltr'><strong>totum</strong></span> <span class='ocrx_word' id='word_1_27' title='bbox 1448 1094 1737 1167; x_wconf 92' lang='lat' dir='ltr'><strong>coelum</strong></span> <span class='ocrx_word' id='word_1_28' title='bbox 1795 1092 2115 1166; x_wconf 91' lang='lat' dir='ltr'><strong>nubibus</strong></span> <span class='ocrx_word' id='word_1_29' title='bbox 2172 1093 2511 1179; x_wconf 89' lang='lat' dir='ltr'><strong>obducit;</strong></span> <span class='ocrx_word' id='word_1_30' title='bbox 2561 1093 2762 1167; x_wconf 77' lang='lat' dir='ltr'><strong>illae&#39;</strong></span> 
     </span>
     <span class='ocr_line' id='line_1_6' title="bbox 352 1217 2720 1316; baseline -0.001 -24"><span class='ocrx_word' id='word_1_31' title='bbox 352 1220 636 1293; x_wconf 90' lang='lat' dir='ltr'><strong>deinde</strong></span> <span class='ocrx_word' id='word_1_32' title='bbox 692 1219 764 1292; x_wconf 91' lang='lat' dir='ltr'><strong>in</strong></span> <span class='ocrx_word' id='word_1_33' title='bbox 821 1232 1049 1293; x_wconf 93' lang='lat' dir='ltr'><strong>terras</strong></span> <span class='ocrx_word' id='word_1_34' title='bbox 1079 1218 1321 1292; x_wconf 89' lang='lat' dir='ltr'><strong>aridas</strong></span> <span class='ocrx_word' id='word_1_35' title='bbox 1351 1219 1714 1316; x_wconf 79' lang='lat' dir='ltr'><strong>delapsae,</strong></span> <span class='ocrx_word' id='word_1_36' title='bbox 1740 1217 2115 1315; x_wconf 90' lang='lat' dir='ltr'><strong>segetibus</strong></span> <span class='ocrx_word' id='word_1_37' title='bbox 2144 1217 2292 1291; x_wconf 87' lang='lat' dir='ltr'><strong>vim</strong></span> <span class='ocrx_word' id='word_1_38' title='bbox 2332 1219 2720 1292; x_wconf 88' lang='lat' dir='ltr'><strong>salutarem</strong></span> 
     </span>
     <span class='ocr_line' id='line_1_7' title="bbox 353 1344 1011 1420; baseline -0.005 0"><span class='ocrx_word' id='word_1_39' title='bbox 353 1371 620 1420; x_wconf 87' lang='lat' dir='ltr'><strong>rursus</strong></span> <span class='ocrx_word' id='word_1_40' title='bbox 677 1344 1011 1418; x_wconf 86' lang='lat' dir='ltr'><strong>afferunt.</strong></span> 
     </span>
    </p>

    <p class='ocr_par' dir='ltr' id='par_1_3' title="bbox 349 1467 2727 3429">
     <span class='ocr_line' id='line_1_8' title="bbox 480 1467 2723 1567; baseline -0 -24"><span class='ocrx_word' id='word_1_41' title='bbox 480 1472 692 1544; x_wconf 93' lang='lat' dir='ltr'><strong>Haec</strong></span> <span class='ocrx_word' id='word_1_42' title='bbox 767 1469 991 1567; x_wconf 90' lang='lat' dir='ltr'><strong>igitur</strong></span> <span class='ocrx_word' id='word_1_43' title='bbox 1065 1470 1160 1542; x_wconf 97' lang='lat' dir='ltr'><strong>de</strong></span> <span class='ocrx_word' id='word_1_44' title='bbox 1213 1468 1432 1542; x_wconf 90' lang='lat' dir='ltr'><strong>variis</strong></span> <span class='ocrx_word' id='word_1_45' title='bbox 1489 1467 1750 1555; x_wconf 91' lang='lat' dir='ltr'><strong>modis,</strong></span> <span class='ocrx_word' id='word_1_46' title='bbox 1805 1468 2075 1563; x_wconf 89' lang='lat' dir='ltr'><strong>quibus</strong></span> <span class='ocrx_word' id='word_1_47' title='bbox 2131 1481 2284 1551; x_wconf 69' lang='grc' dir='ltr'><strong>Ζεὺς</strong></span> <span class='ocrx_word' id='word_1_48' title='bbox 2329 1477 2523 1550; x_wconf 77' lang='grc' dir='ltr'><em>ὑέτιος</em></span> <span class='ocrx_word' id='word_1_49' title='bbox 2569 1468 2723 1542; x_wconf 86' lang='lat' dir='ltr'><strong>sive</strong></span> 
     </span>
     <span class='ocr_line' id='line_1_9' title="bbox 349 1590 2719 1693; baseline 0 -29"><span class='ocrx_word' id='word_1_50' title='bbox 349 1606 611 1688; x_wconf 76' lang='grc' dir='ltr'><em>ὄμβριος</em></span> <span class='ocrx_word' id='word_1_51' title='bbox 687 1595 759 1667; x_wconf 91' lang='lat' dir='ltr'><strong>in</strong></span> <span class='ocrx_word' id='word_1_52' title='bbox 861 1593 1170 1667; x_wconf 91' lang='lat' dir='ltr'><strong>summis</strong></span> <span class='ocrx_word' id='word_1_53' title='bbox 1271 1593 1643 1667; x_wconf 92' lang='lat' dir='ltr'><strong>montibus</strong></span> <span class='ocrx_word' id='word_1_54' title='bbox 1727 1594 2106 1667; x_wconf 86' lang='lat' dir='ltr'><strong>colebatur</strong></span> <span class='ocrx_word' id='word_1_55' title='bbox 2142 1590 2213 1693; x_wconf 76' lang='lat'><strong>1).</strong></span> <span class='ocrx_word' id='word_1_56' title='bbox 2297 1594 2483 1667; x_wconf 90' lang='lat' dir='ltr'><strong>Cum</strong></span> <span class='ocrx_word' id='word_1_57' title='bbox 2569 1593 2719 1688; x_wconf 87' lang='lat' dir='ltr'><strong>qui-</strong></span> 
     </span>
     <span class='ocr_line' id='line_1_10' title="bbox 349 1718 2724 1816; baseline -0.001 -24"><span class='ocrx_word' id='word_1_58' title='bbox 349 1723 512 1792; x_wconf 90' lang='lat' dir='ltr'><strong>bus</strong></span> <span class='ocrx_word' id='word_1_59' title='bbox 593 1719 910 1793; x_wconf 89' lang='lat' dir='ltr'><strong>cultibus</strong></span> <span class='ocrx_word' id='word_1_60' title='bbox 985 1732 1139 1793; x_wconf 88' lang='lat' dir='ltr'><strong>arte</strong></span> <span class='ocrx_word' id='word_1_61' title='bbox 1212 1718 1607 1792; x_wconf 89' lang='lat' dir='ltr'><strong>cohaerere</strong></span> <span class='ocrx_word' id='word_1_62' title='bbox 1681 1718 1974 1816; x_wconf 86' lang='lat' dir='ltr'>mythos</span> <span class='ocrx_word' id='word_1_63' title='bbox 2048 1719 2143 1790; x_wconf 91' lang='lat' dir='ltr'><strong>ad</strong></span> <span class='ocrx_word' id='word_1_64' title='bbox 2218 1743 2509 1792; x_wconf 89' lang='lat' dir='ltr'><strong>sacrum</strong></span> <span class='ocrx_word' id='word_1_65' title='bbox 2580 1730 2724 1801; x_wconf 83' lang='grc' dir='ltr'><strong><em>Διὸς</em></strong></span> 
     </span>
     <span class='ocr_line' id='line_1_11' title="bbox 353 1843 2724 1941; baseline 0 -26"><span class='ocrx_word' id='word_1_66' title='bbox 353 1855 472 1915; x_wconf 80' lang='grc' dir='ltr'><strong>καὶ</strong></span> <span class='ocrx_word' id='word_1_67' title='bbox 520 1853 728 1935; x_wconf 71' lang='grc' dir='ltr'><strong>εἨροις</strong></span> <span class='ocrx_word' id='word_1_68' title='bbox 770 1843 1220 1917; x_wconf 89' lang='lat' dir='ltr'><strong>connubium</strong></span> <span class='ocrx_word' id='word_1_69' title='bbox 1278 1856 1691 1941; x_wconf 83' lang='lat' dir='ltr'><strong>spectantes</strong></span> <span class='ocrx_word' id='word_1_70' title='bbox 1746 1843 1880 1916; x_wconf 86' lang='lat' dir='ltr'><strong>viri</strong></span> <span class='ocrx_word' id='word_1_71' title='bbox 1940 1843 2139 1915; x_wconf 89' lang='lat' dir='ltr'><strong>docti</strong></span> <span class='ocrx_word' id='word_1_72' title='bbox 2197 1844 2272 1915; x_wconf 94' lang='lat' dir='ltr'>N</span> <span class='ocrx_word' id='word_1_73' title='bbox 2280 1868 2594 1915; x_wconf 89' lang='lat' dir='ltr'><strong>eumann</strong></span> <span class='ocrx_word' id='word_1_74' title='bbox 2652 1858 2724 1916; x_wconf 96' lang='lat' dir='ltr'><strong>et</strong></span> 
     </span>
     <span class='ocr_line' id='line_1_12' title="bbox 354 1967 2723 2066; baseline 0 -24"><span class='ocrx_word' id='word_1_75' title='bbox 354 1968 697 2055; x_wconf 88' lang='lat' dir='ltr'><strong>Partsch,</strong></span> <span class='ocrx_word' id='word_1_76' title='bbox 773 1968 950 2041; x_wconf 90' lang='lat' dir='ltr'><strong>mihi</strong></span> <span class='ocrx_word' id='word_1_77' title='bbox 1005 1969 1281 2053; x_wconf 90' lang='lat' dir='ltr'><strong>saltem,</strong></span> <span class='ocrx_word' id='word_1_78' title='bbox 1347 1970 1861 2066; x_wconf 87' lang='lat' dir='ltr'><strong>probaverunt.</strong></span> <span class='ocrx_word' id='word_1_79' title='bbox 1944 1970 2257 2042; x_wconf 88' lang='lat' dir='ltr'><strong>Summo</strong></span> <span class='ocrx_word' id='word_1_80' title='bbox 2315 1967 2509 2040; x_wconf 93' lang='lat' dir='ltr'><strong>enim</strong></span> <span class='ocrx_word' id='word_1_81' title='bbox 2566 1967 2723 2042; x_wconf 93' lang='lat' dir='ltr'><strong>iure</strong></span> 
     </span>
     <span class='ocr_line' id='line_1_13' title="bbox 352 2092 2722 2191; baseline -0 -25"><span class='ocrx_word' id='word_1_82' title='bbox 352 2092 916 2191; x_wconf 88' lang='lat' dir='ltr'><strong>perhibuerunt,</strong></span> <span class='ocrx_word' id='word_1_83' title='bbox 998 2093 1283 2167; x_wconf 86' lang='lat' dir='ltr'><strong>fabulas</strong></span> <span class='ocrx_word' id='word_1_84' title='bbox 1365 2094 1460 2166; x_wconf 93' lang='lat' dir='ltr'><strong>ad</strong></span> <span class='ocrx_word' id='word_1_85' title='bbox 1518 2093 1719 2165; x_wconf 90' lang='lat' dir='ltr'><strong>illum</strong></span> <span class='ocrx_word' id='word_1_86' title='bbox 1794 2103 1988 2184; x_wconf 60' lang='grc' dir='ltr'><strong><em>»ἱερὸν</em></strong></span> <span class='ocrx_word' id='word_1_87' title='bbox 2031 2098 2270 2180; x_wconf 74' lang='grc' dir='ltr'><em>γάμον”</em></span> <span class='ocrx_word' id='word_1_88' title='bbox 2323 2092 2722 2178; x_wconf 85' lang='lat' dir='ltr'><strong>attinenteS‚</strong></span> 
     </span>
     <span class='ocr_line' id='line_1_14' title="bbox 356 2217 2724 2322; baseline 0 -30"><span class='ocrx_word' id='word_1_89' title='bbox 356 2243 632 2322; x_wconf 88' lang='lat' dir='ltr'><strong>omnes</strong></span> <span class='ocrx_word' id='word_1_90' title='bbox 662 2232 1208 2316; x_wconf 90' lang='lat' dir='ltr'><strong>repraesentare</strong></span> <span class='ocrx_word' id='word_1_91' title='bbox 1227 2218 1571 2291; x_wconf 88' lang='lat' dir='ltr'><strong>imbrium</strong></span> <span class='ocrx_word' id='word_1_92' title='bbox 1593 2217 2139 2314; x_wconf 83' lang='lat' dir='ltr'><strong>benignitatem,</strong></span> <span class='ocrx_word' id='word_1_93' title='bbox 2158 2230 2385 2290; x_wconf 89' lang='lat' dir='ltr'><strong>terras</strong></span> <span class='ocrx_word' id='word_1_94' title='bbox 2404 2217 2724 2292; x_wconf 88' lang='lat' dir='ltr'><strong>sitientes</strong></span> 
     </span>
     <span class='ocr_line' id='line_1_15' title="bbox 353 2342 2726 2441; baseline -0 -25"><span class='ocrx_word' id='word_1_95' title='bbox 353 2344 887 2417; x_wconf 86' lang='lat' dir='ltr'><strong>fecundantem</strong></span> <span class='ocrx_word' id='word_1_96' title='bbox 927 2342 996 2441; x_wconf 71' lang='grc'><strong>2&gt;.</strong></span> <span class='ocrx_word' id='word_1_97' title='bbox 1080 2343 1329 2422; x_wconf 89' lang='lat' dir='ltr'><strong>Primo</strong></span> <span class='ocrx_word' id='word_1_98' title='bbox 1412 2344 1580 2416; x_wconf 92' lang='lat' dir='ltr'><strong>loco</strong></span> <span class='ocrx_word' id='word_1_99' title='bbox 1661 2343 1806 2415; x_wconf 91' lang='lat' dir='ltr'><strong>huc</strong></span> <span class='ocrx_word' id='word_1_100' title='bbox 1880 2342 2191 2439; x_wconf 88' lang='lat' dir='ltr'><strong>pertinet</strong></span> <span class='ocrx_word' id='word_1_101' title='bbox 2245 2355 2551 2416; x_wconf 88' lang='lat' dir='ltr'><strong>venusta</strong></span> <span class='ocrx_word' id='word_1_102' title='bbox 2606 2343 2726 2415; x_wconf 91' lang='lat' dir='ltr'><strong>illa</strong></span> 
     </span>
     <span class='ocr_line' id='line_1_16' title="bbox 354 2467 2726 2566; baseline -0.002 -23"><span class='ocrx_word' id='word_1_103' title='bbox 354 2468 930 2556; x_wconf 87' lang='lat' dir='ltr'><strong>narratiuncula,</strong></span> <span class='ocrx_word' id='word_1_104' title='bbox 1003 2495 1227 2564; x_wconf 90' lang='lat' dir='ltr'><strong>quam</strong></span> <span class='ocrx_word' id='word_1_105' title='bbox 1284 2493 1504 2541; x_wconf 92' lang='lat' dir='ltr'><strong>nemo</strong></span> <span class='ocrx_word' id='word_1_106' title='bbox 1562 2482 1688 2554; x_wconf 90' lang='lat' dir='ltr'><strong>est,</strong></span> <span class='ocrx_word' id='word_1_107' title='bbox 1744 2467 1869 2564; x_wconf 91' lang='lat' dir='ltr'><strong>qui</strong></span> <span class='ocrx_word' id='word_1_108' title='bbox 1926 2467 2232 2566; x_wconf 84' lang='lat' dir='ltr'><strong>ignoret,</strong></span> <span class='ocrx_word' id='word_1_109' title='bbox 2279 2478 2423 2548; x_wconf 81' lang='grc' dir='ltr'><strong><em>Διὸς</em></strong></span> <span class='ocrx_word' id='word_1_110' title='bbox 2467 2477 2726 2564; x_wconf 76' lang='grc' dir='ltr'><em>ἀπάτην</em></span> 
     </span>
     <span class='ocr_line' id='line_1_17' title="bbox 353 2593 2727 2700; baseline -0.001 -33"><span class='ocrx_word' id='word_1_111' title='bbox 353 2593 562 2667; x_wconf 86' lang='lat' dir='ltr'><strong>dico.</strong></span> <span class='ocrx_word' id='word_1_112' title='bbox 627 2603 823 2686; x_wconf 60' lang='grc' dir='ltr'><strong>(Ἡρα,</strong></span> <span class='ocrx_word' id='word_1_113' title='bbox 870 2607 951 2667; x_wconf 96' lang='lat' dir='ltr'><strong>ut</strong></span> <span class='ocrx_word' id='word_1_114' title='bbox 1006 2593 1244 2667; x_wconf 89' lang='lat' dir='ltr'><strong>mariti</strong></span> <span class='ocrx_word' id='word_1_115' title='bbox 1300 2593 1371 2666; x_wconf 92' lang='lat' dir='ltr'><strong>in</strong></span> <span class='ocrx_word' id='word_1_116' title='bbox 1431 2595 1563 2666; x_wconf 91' lang='lat' dir='ltr'><strong>Ida</strong></span> <span class='ocrx_word' id='word_1_117' title='bbox 1616 2593 1934 2700; x_wconf 85' lang='lat' dir='ltr'><strong>sedentis</strong></span> <span class='ocrx_word' id='word_1_118' title='bbox 1990 2593 2315 2666; x_wconf 89' lang='lat' dir='ltr'><strong>animum</strong></span> <span class='ocrx_word' id='word_1_119' title='bbox 2375 2619 2419 2665; x_wconf 93' lang='lat' dir='ltr'><strong>a</strong></span> <span class='ocrx_word' id='word_1_120' title='bbox 2473 2618 2727 2689; x_wconf 91' lang='lat' dir='ltr'><strong>pugna</strong></span> 
     </span>
     <span class='ocr_line' id='line_1_18' title="bbox 354 2718 2722 2814; baseline -0.002 -20"><span class='ocrx_word' id='word_1_121' title='bbox 354 2732 671 2805; x_wconf 79' lang='lat' dir='ltr'><strong>avertat,</strong></span> <span class='ocrx_word' id='word_1_122' title='bbox 727 2718 1110 2793; x_wconf 91' lang='lat' dir='ltr'><strong>consilium</strong></span> <span class='ocrx_word' id='word_1_123' title='bbox 1169 2744 1337 2792; x_wconf 91' lang='lat' dir='ltr'><strong>eum</strong></span> <span class='ocrx_word' id='word_1_124' title='bbox 1394 2719 1765 2792; x_wconf 90' lang='lat' dir='ltr'><strong>blanditiis</strong></span> <span class='ocrx_word' id='word_1_125' title='bbox 1822 2718 2231 2791; x_wconf 92' lang='lat' dir='ltr'><strong>deleniendi</strong></span> <span class='ocrx_word' id='word_1_126' title='bbox 2261 2718 2474 2814; x_wconf 91' lang='lat' dir='ltr'><strong>capit.</strong></span> <span class='ocrx_word' id='word_1_127' title='bbox 2505 2719 2722 2791; x_wconf 91' lang='lat' dir='ltr'><strong>Cesto</strong></span> 
     </span>
     <span class='ocr_line' id='line_1_19' title="bbox 354 2842 2724 2941; baseline -0.002 -22"><span class='ocrx_word' id='word_1_128' title='bbox 354 2846 467 2919; x_wconf 84' lang='lat' dir='ltr'><strong>ab</strong></span> <span class='ocrx_word' id='word_1_129' title='bbox 517 2850 866 2938; x_wconf 79' lang='grc' dir='ltr'><strong>Ἀφροδίτῃ</strong></span> <span class='ocrx_word' id='word_1_130' title='bbox 915 2843 1304 2941; x_wconf 91' lang='lat' dir='ltr'><strong>impetrato</strong></span> <span class='ocrx_word' id='word_1_131' title='bbox 1362 2857 1434 2917; x_wconf 98' lang='lat' dir='ltr'><strong>et</strong></span> <span class='ocrx_word' id='word_1_132' title='bbox 1480 2852 1712 2939; x_wconf 72' lang='grc' dir='ltr'><strong>Ὕπνῳ</strong></span> <span class='ocrx_word' id='word_1_133' title='bbox 1776 2842 2046 2916; x_wconf 88' lang='lat' dir='ltr'><strong>comite</strong></span> <span class='ocrx_word' id='word_1_134' title='bbox 2092 2856 2489 2939; x_wconf 83' lang='lat' dir='ltr'><strong>assumptO,</strong></span> <span class='ocrx_word' id='word_1_135' title='bbox 2535 2844 2724 2915; x_wconf 92' lang='lat' dir='ltr'><strong>bene</strong></span> 
     </span>
     <span class='ocr_line' id='line_1_20' title="bbox 354 2967 2725 3066; baseline -0.002 -23"><span class='ocrx_word' id='word_1_136' title='bbox 354 2981 595 3043; x_wconf 92' lang='lat' dir='ltr'><strong>uncta</strong></span> <span class='ocrx_word' id='word_1_137' title='bbox 649 2982 871 3065; x_wconf 89' lang='lat' dir='ltr'><strong>atque</strong></span> <span class='ocrx_word' id='word_1_138' title='bbox 928 2982 1184 3042; x_wconf 90' lang='lat' dir='ltr'><strong>ornata</strong></span> <span class='ocrx_word' id='word_1_139' title='bbox 1240 2969 1310 3041; x_wconf 92' lang='lat' dir='ltr'><strong>in</strong></span> <span class='ocrx_word' id='word_1_140' title='bbox 1371 2972 1790 3066; x_wconf 85' lang='lat' dir='ltr'><strong>Gargarum</strong></span> <span class='ocrx_word' id='word_1_141' title='bbox 1840 2969 2014 3042; x_wconf 92' lang='lat' dir='ltr'><strong>Idae</strong></span> <span class='ocrx_word' id='word_1_142' title='bbox 2041 2968 2387 3041; x_wconf 86' lang='lat' dir='ltr'><strong>verticem</strong></span> <span class='ocrx_word' id='word_1_143' title='bbox 2419 2967 2725 3052; x_wconf 87' lang='lat' dir='ltr'><strong>festinat,</strong></span> 
     </span>
     <span class='ocr_line' id='line_1_21' title="bbox 358 3090 2720 3191; baseline -0.003 -22"><span class='ocrx_word' id='word_1_144' title='bbox 358 3094 503 3169; x_wconf 90' lang='lat' dir='ltr'><strong>ubi</strong></span> <span class='ocrx_word' id='word_1_145' title='bbox 569 3103 724 3176; x_wconf 68' lang='grc' dir='ltr'><em>Ζεύς</em></span> <span class='ocrx_word' id='word_1_146' title='bbox 790 3120 1044 3168; x_wconf 89' lang='lat' dir='ltr'><strong>amore</strong></span> <span class='ocrx_word' id='word_1_147' title='bbox 1118 3108 1191 3168; x_wconf 91' lang='lat' dir='ltr'><strong>et</strong></span> <span class='ocrx_word' id='word_1_148' title='bbox 1265 3094 1665 3191; x_wconf 88' lang='lat' dir='ltr'><strong>cupiditate</strong></span> <span class='ocrx_word' id='word_1_149' title='bbox 1721 3090 1967 3167; x_wconf 80' lang='lat' dir='ltr'><strong>uxoris</strong></span> <span class='ocrx_word' id='word_1_150' title='bbox 2023 3095 2502 3167; x_wconf 82' lang='lat' dir='ltr'><strong>exardescens</strong></span> <span class='ocrx_word' id='word_1_151' title='bbox 2558 3118 2720 3165; x_wconf 91' lang='lat' dir='ltr'><strong>eam</strong></span> 
     </span>
     <span class='ocr_line' id='line_1_22' title="bbox 355 3218 2724 3315; baseline -0.003 -19"><span class='ocrx_word' id='word_1_152' title='bbox 355 3220 476 3297; x_wconf 88' lang='lat' dir='ltr'><strong>sic</strong></span> <span class='ocrx_word' id='word_1_153' title='bbox 528 3220 960 3315; x_wconf 90' lang='lat' dir='ltr'><strong>alloquitur:</strong></span> <span class='ocrx_word' id='word_1_154' title='bbox 1008 3247 1145 3294; x_wconf 91' lang='lat' dir='ltr'><strong>«ne</strong></span> <span class='ocrx_word' id='word_1_155' title='bbox 1201 3220 1365 3315; x_wconf 86' lang='lat' dir='ltr'><strong>quis</strong></span> <span class='ocrx_word' id='word_1_156' title='bbox 1421 3221 1732 3292; x_wconf 89' lang='lat' dir='ltr'><strong>deorum</strong></span> <span class='ocrx_word' id='word_1_157' title='bbox 1790 3218 2168 3315; x_wconf 84' lang='lat' dir='ltr'><strong>amplexus</strong></span> <span class='ocrx_word' id='word_1_158' title='bbox 2224 3232 2512 3292; x_wconf 93' lang='lat' dir='ltr'><strong>nostros</strong></span> <span class='ocrx_word' id='word_1_159' title='bbox 2566 3243 2724 3313; x_wconf 90' lang='lat' dir='ltr'><strong>spe-</strong></span> 
     </span>
     <span class='ocr_line' id='line_1_23' title="bbox 357 3342 2725 3429; baseline -0.003 -10"><span class='ocrx_word' id='word_1_160' title='bbox 357 3346 678 3429; x_wconf 87' lang='lat' dir='ltr'><strong>culetur,</strong></span> <span class='ocrx_word' id='word_1_161' title='bbox 736 3344 1022 3417; x_wconf 91' lang='lat' dir='ltr'><strong>nebulis</strong></span> <span class='ocrx_word' id='word_1_162' title='bbox 1077 3344 1315 3419; x_wconf 88' lang='lat' dir='ltr'><strong>aureis</strong></span> <span class='ocrx_word' id='word_1_163' title='bbox 1372 3369 1506 3417; x_wconf 92' lang='lat' dir='ltr'><strong>nos</strong></span> <span class='ocrx_word' id='word_1_164' title='bbox 1563 3343 2001 3429; x_wconf 90' lang='lat' dir='ltr'><strong>involvam»;</strong></span> <span class='ocrx_word' id='word_1_165' title='bbox 2039 3342 2306 3416; x_wconf 92' lang='lat' dir='ltr'><strong>deinde</strong></span> <span class='ocrx_word' id='word_1_166' title='bbox 2335 3369 2497 3416; x_wconf 91' lang='lat' dir='ltr'><strong>eam</strong></span> <span class='ocrx_word' id='word_1_167' title='bbox 2529 3367 2725 3415; x_wconf 92' lang='lat' dir='ltr'><strong>com-</strong></span> 
     </span>
    </p>
   </div>
   <div class='ocr_carea' id='block_1_3' title="bbox 360 3741 2725 4433">
    <p class='ocr_par' dir='ltr' id='par_1_4' title="bbox 361 3741 2725 3898">
     <span class='ocr_line' id='line_1_24' title="bbox 447 3741 2725 3811; baseline -0.001 -16"><span class='ocrx_word' id='word_1_168' title='bbox 447 3749 493 3811; x_wconf 89' lang='lat'><strong>1)</strong></span> <span class='ocrx_word' id='word_1_169' title='bbox 531 3747 615 3794; x_wconf 89' lang='lat' dir='ltr'><strong>De</strong></span> <span class='ocrx_word' id='word_1_170' title='bbox 670 3741 767 3793; x_wconf 86' lang='lat' dir='ltr'><strong>aris</strong></span> <span class='ocrx_word' id='word_1_171' title='bbox 822 3744 940 3795; x_wconf 87' lang='lat' dir='ltr'><strong>huic</strong></span> <span class='ocrx_word' id='word_1_172' title='bbox 991 3746 1088 3794; x_wconf 90' lang='lat' dir='ltr'><strong>deo</strong></span> <span class='ocrx_word' id='word_1_173' title='bbox 1143 3745 1441 3795; x_wconf 87' lang='lat' dir='ltr'><strong>consecratis</strong></span> <span class='ocrx_word' id='word_1_174' title='bbox 1490 3745 1543 3792; x_wconf 87' lang='lat' dir='ltr'><strong>in</strong></span> <span class='ocrx_word' id='word_1_175' title='bbox 1589 3745 1836 3793; x_wconf 87' lang='lat' dir='ltr'><strong>Parnasso</strong></span> <span class='ocrx_word' id='word_1_176' title='bbox 1888 3751 1938 3793; x_wconf 90' lang='lat' dir='ltr'><strong>et</strong></span> <span class='ocrx_word' id='word_1_177' title='bbox 1987 3745 2239 3809; x_wconf 89' lang='lat' dir='ltr'><strong>Hymetto</strong></span> <span class='ocrx_word' id='word_1_178' title='bbox 2282 3744 2537 3794; x_wconf 89' lang='lat' dir='ltr'><strong>montibus</strong></span> <span class='ocrx_word' id='word_1_179' title='bbox 2576 3761 2725 3809; x_wconf 87' lang='lat' dir='ltr'><strong>supra</strong></span> 
     </span>
     <span class='ocr_line' id='line_1_25' title="bbox 361 3835 1207 3898; baseline -0.006 -12"><span class='ocrx_word' id='word_1_180' title='bbox 361 3839 471 3886; x_wconf 83' lang='lat' dir='ltr'><strong>iam</strong></span> <span class='ocrx_word' id='word_1_181' title='bbox 510 3836 706 3884; x_wconf 86' lang='lat' dir='ltr'><strong>locutus</strong></span> <span class='ocrx_word' id='word_1_182' title='bbox 744 3850 873 3883; x_wconf 87' lang='lat' dir='ltr'><strong>sum.</strong></span> <span class='ocrx_word' id='word_1_183' title='bbox 915 3835 995 3886; x_wconf 88' lang='lat' dir='ltr'><strong>Cf.</strong></span> <span class='ocrx_word' id='word_1_184' title='bbox 1033 3851 1083 3898; x_wconf 89' lang='lat' dir='ltr'><strong>p.</strong></span> <span class='ocrx_word' id='word_1_185' title='bbox 1125 3847 1207 3897; x_wconf 85' lang='lat'><strong>29.</strong></span> 
     </span>
    </p>

    <p class='ocr_par' dir='ltr' id='par_1_5' title="bbox 360 3921 2725 4433">
     <span class='ocr_line' id='line_1_26' title="bbox 446 3921 2723 3988; baseline -0 -15"><span class='ocrx_word' id='word_1_186' title='bbox 446 3927 495 3987; x_wconf 87' lang='lat'><strong>2)</strong></span> <span class='ocrx_word' id='word_1_187' title='bbox 535 3925 597 3976; x_wconf 88' lang='lat' dir='ltr'><strong>C.</strong></span> <span class='ocrx_word' id='word_1_188' title='bbox 634 3925 824 3973; x_wconf 89' lang='lat' dir='ltr'><strong>Neum.</strong></span> <span class='ocrx_word' id='word_1_189' title='bbox 882 3924 987 3972; x_wconf 89' lang='lat' dir='ltr'><strong>und</strong></span> <span class='ocrx_word' id='word_1_190' title='bbox 1034 3925 1086 3988; x_wconf 90' lang='lat' dir='ltr'><strong>J.</strong></span> <span class='ocrx_word' id='word_1_191' title='bbox 1124 3922 1349 3983; x_wconf 85' lang='lat' dir='ltr'><strong>Partsch,</strong></span> <span class='ocrx_word' id='word_1_192' title='bbox 1406 3922 1561 3987; x_wconf 90' lang='lat' dir='ltr'><strong>Phys.</strong></span> <span class='ocrx_word' id='word_1_193' title='bbox 1611 3923 1794 3985; x_wconf 89' lang='lat' dir='ltr'><strong>Geogr.</strong></span> <span class='ocrx_word' id='word_1_194' title='bbox 1830 3939 1878 3972; x_wconf 81' lang='lat' dir='ltr'><strong>v.</strong></span> <span class='ocrx_word' id='word_1_195' title='bbox 1919 3922 2118 3972; x_wconf 85' lang='lat' dir='ltr'><strong>Grieeh.</strong></span> <span class='ocrx_word' id='word_1_196' title='bbox 2157 3938 2209 3987; x_wconf 90' lang='lat' dir='ltr'><strong>p.</strong></span> <span class='ocrx_word' id='word_1_197' title='bbox 2252 3921 2315 3982; x_wconf 90' lang='lat'><strong>78</strong></span> <span class='ocrx_word' id='word_1_198' title='bbox 2357 3922 2472 3980; x_wconf 88' lang='lat' dir='ltr'><strong>„die</strong></span> <span class='ocrx_word' id='word_1_199' title='bbox 2511 3921 2723 3987; x_wconf 88' lang='lat' dir='ltr'><strong>„heilige</strong></span> 
     </span>
     <span class='ocr_line' id='line_1_27' title="bbox 360 4010 2724 4077; baseline -0.001 -14"><span class='ocrx_word' id='word_1_200' title='bbox 360 4013 752 4076; x_wconf 64' lang='lat' dir='ltr'><strong>Vennahlung”</strong></span> <span class='ocrx_word' id='word_1_201' title='bbox 790 4028 895 4061; x_wconf 87' lang='lat' dir='ltr'><strong>war</strong></span> <span class='ocrx_word' id='word_1_202' title='bbox 927 4029 992 4061; x_wconf 85' lang='lat' dir='ltr'><strong>an</strong></span> <span class='ocrx_word' id='word_1_203' title='bbox 1028 4013 1189 4061; x_wconf 86' lang='lat' dir='ltr'><strong>vielen</strong></span> <span class='ocrx_word' id='word_1_204' title='bbox 1227 4012 1483 4062; x_wconf 87' lang='lat' dir='ltr'><strong>Cultorten</strong></span> <span class='ocrx_word' id='word_1_205' title='bbox 1523 4012 1614 4060; x_wconf 87' lang='lat' dir='ltr'><strong>der</strong></span> <span class='ocrx_word' id='word_1_206' title='bbox 1649 4012 1919 4061; x_wconf 89' lang='lat' dir='ltr'><strong>Ausdruck</strong></span> <span class='ocrx_word' id='word_1_207' title='bbox 1955 4014 2035 4061; x_wconf 70' lang='lat' dir='ltr'><strong>fiir</strong></span> <span class='ocrx_word' id='word_1_208' title='bbox 2071 4013 2154 4061; x_wconf 90' lang='lat' dir='ltr'><strong>die</strong></span> <span class='ocrx_word' id='word_1_209' title='bbox 2179 4010 2407 4060; x_wconf 87' lang='lat' dir='ltr'><strong>ersehnte</strong></span> <span class='ocrx_word' id='word_1_210' title='bbox 2433 4013 2724 4077; x_wconf 86' lang='lat' dir='ltr'><strong>Benetzung</strong></span> 
     </span>
     <span class='ocr_line' id='line_1_28' title="bbox 362 4101 2723 4165; baseline -0.001 -12"><span class='ocrx_word' id='word_1_211' title='bbox 362 4104 463 4153; x_wconf 87' lang='lat' dir='ltr'><strong>des</strong></span> <span class='ocrx_word' id='word_1_212' title='bbox 500 4103 706 4151; x_wconf 88' lang='lat' dir='ltr'><strong>Bodens</strong></span> <span class='ocrx_word' id='word_1_213' title='bbox 746 4103 841 4151; x_wconf 88' lang='lat' dir='ltr'><strong>mit</strong></span> <span class='ocrx_word' id='word_1_214' title='bbox 880 4102 995 4150; x_wconf 88' lang='lat' dir='ltr'><strong>dem</strong></span> <span class='ocrx_word' id='word_1_215' title='bbox 1033 4103 1216 4165; x_wconf 88' lang='lat' dir='ltr'><strong>Regen</strong></span> <span class='ocrx_word' id='word_1_216' title='bbox 1250 4102 1354 4149; x_wconf 88' lang='lat' dir='ltr'><strong>und</strong></span> <span class='ocrx_word' id='word_1_217' title='bbox 1391 4101 1539 4150; x_wconf 84' lang='lat' dir='ltr'><strong>Thau</strong></span> <span class='ocrx_word' id='word_1_218' title='bbox 1576 4102 1667 4150; x_wconf 91' lang='lat' dir='ltr'><strong>des</strong></span> <span class='ocrx_word' id='word_1_219' title='bbox 1705 4101 1973 4160; x_wconf 78' lang='lat' dir='ltr'><strong>HimmeIS,</strong></span> <span class='ocrx_word' id='word_1_220' title='bbox 2014 4117 2079 4150; x_wconf 90' lang='lat' dir='ltr'><strong>an</strong></span> <span class='ocrx_word' id='word_1_221' title='bbox 2118 4102 2205 4150; x_wconf 91' lang='lat' dir='ltr'><strong>der</strong></span> <span class='ocrx_word' id='word_1_222' title='bbox 2241 4103 2322 4149; x_wconf 78' lang='lat' dir='ltr'><strong>fiir</strong></span> <span class='ocrx_word' id='word_1_223' title='bbox 2359 4102 2440 4150; x_wconf 85' lang='lat' dir='ltr'><strong>die</strong></span> <span class='ocrx_word' id='word_1_224' title='bbox 2478 4101 2723 4151; x_wconf 87' lang='lat' dir='ltr'><strong>Griechen</strong></span> 
     </span>
     <span class='ocr_line' id='line_1_29' title="bbox 362 4189 2725 4254; baseline -0.001 -12"><span class='ocrx_word' id='word_1_225' title='bbox 362 4192 457 4242; x_wconf 89' lang='lat' dir='ltr'><strong>die</strong></span> <span class='ocrx_word' id='word_1_226' title='bbox 509 4191 891 4254; x_wconf 87' lang='lat' dir='ltr'><strong>Entscheidung</strong></span> <span class='ocrx_word' id='word_1_227' title='bbox 943 4191 1067 4240; x_wconf 76' lang='lat' dir='ltr'><strong>iiber</strong></span> <span class='ocrx_word' id='word_1_228' title='bbox 1121 4190 1382 4240; x_wconf 86' lang='lat' dir='ltr'><strong>Gedeihen</strong></span> <span class='ocrx_word' id='word_1_229' title='bbox 1444 4191 1568 4240; x_wconf 86' lang='lat' dir='ltr'><strong>oder</strong></span> <span class='ocrx_word' id='word_1_230' title='bbox 1620 4189 1929 4239; x_wconf 85' lang='lat' dir='ltr'><strong>Hinwelken</strong></span> <span class='ocrx_word' id='word_1_231' title='bbox 1971 4190 2092 4239; x_wconf 90' lang='lat' dir='ltr'><strong>alles</strong></span> <span class='ocrx_word' id='word_1_232' title='bbox 2125 4190 2401 4239; x_wconf 87' lang='lat' dir='ltr'><strong>Lebenden</strong></span> <span class='ocrx_word' id='word_1_233' title='bbox 2436 4189 2573 4254; x_wconf 89' lang='lat' dir='ltr'><strong>hing.</strong></span> <span class='ocrx_word' id='word_1_234' title='bbox 2627 4193 2725 4240; x_wconf 91' lang='lat' dir='ltr'><strong>Als</strong></span> 
     </span>
     <span class='ocr_line' id='line_1_30' title="bbox 363 4279 2725 4345; baseline -0.001 -14"><span class='ocrx_word' id='word_1_235' title='bbox 363 4281 689 4331; x_wconf 86' lang='lat' dir='ltr'><strong>ebensoviele</strong></span> <span class='ocrx_word' id='word_1_236' title='bbox 745 4281 939 4330; x_wconf 70' lang='lat' dir='ltr'><strong>Sffitten</strong></span> <span class='ocrx_word' id='word_1_237' title='bbox 994 4281 1083 4330; x_wconf 89' lang='lat' dir='ltr'><strong>der</strong></span> <span class='ocrx_word' id='word_1_238' title='bbox 1136 4280 1449 4343; x_wconf 66' lang='lat' dir='ltr'><strong>instandigen</strong></span> <span class='ocrx_word' id='word_1_239' title='bbox 1504 4279 1642 4329; x_wconf 89' lang='lat' dir='ltr'><strong>Bitte</strong></span> <span class='ocrx_word' id='word_1_240' title='bbox 1690 4296 1776 4329; x_wconf 88' lang='lat' dir='ltr'><strong>um</strong></span> <span class='ocrx_word' id='word_1_241' title='bbox 1812 4281 1997 4345; x_wconf 86' lang='lat' dir='ltr'><strong>Regen</strong></span> <span class='ocrx_word' id='word_1_242' title='bbox 2033 4280 2235 4329; x_wconf 73' lang='lat' dir='ltr'><strong>konnen</strong></span> <span class='ocrx_word' id='word_1_243' title='bbox 2275 4280 2365 4329; x_wconf 85' lang='lat' dir='ltr'><strong>wir</strong></span> <span class='ocrx_word' id='word_1_244' title='bbox 2400 4279 2605 4329; x_wconf 85' lang='lat' dir='ltr'><strong>deshalb</strong></span> <span class='ocrx_word' id='word_1_245' title='bbox 2643 4281 2725 4329; x_wconf 84' lang='lat' dir='ltr'><strong>die</strong></span> 
     </span>
     <span class='ocr_line' id='line_1_31' title="bbox 368 4368 2722 4433; baseline -0.001 -13"><span class='ocrx_word' id='word_1_246' title='bbox 368 4369 654 4421; x_wconf 83' lang='lat' dir='ltr'><strong>zahlreiehe</strong></span> <span class='ocrx_word' id='word_1_247' title='bbox 692 4370 866 4420; x_wconf 63' lang='lat' dir='ltr'><strong>Platze</strong></span> <span class='ocrx_word' id='word_1_248' title='bbox 902 4371 1025 4420; x_wconf 85' lang='lat' dir='ltr'><strong>alter</strong></span> <span class='ocrx_word' id='word_1_249' title='bbox 1053 4369 1349 4433; x_wconf 87' lang='lat' dir='ltr'><strong>Verehrung</strong></span> <span class='ocrx_word' id='word_1_250' title='bbox 1370 4370 1459 4418; x_wconf 86' lang='lat' dir='ltr'><strong>des</strong></span> <span class='ocrx_word' id='word_1_251' title='bbox 1480 4368 1730 4433; x_wconf 75' lang='lat' dir='ltr'><strong>Bellagers</strong></span> <span class='ocrx_word' id='word_1_252' title='bbox 1751 4369 1838 4418; x_wconf 89' lang='lat' dir='ltr'><strong>des</strong></span> <span class='ocrx_word' id='word_1_253' title='bbox 1860 4370 1989 4418; x_wconf 91' lang='lat' dir='ltr'><strong>Zeus</strong></span> <span class='ocrx_word' id='word_1_254' title='bbox 2008 4369 2100 4419; x_wconf 86' lang='lat' dir='ltr'><strong>mit</strong></span> <span class='ocrx_word' id='word_1_255' title='bbox 2118 4369 2206 4418; x_wconf 87' lang='lat' dir='ltr'><strong>der</strong></span> <span class='ocrx_word' id='word_1_256' title='bbox 2224 4369 2364 4417; x_wconf 88' lang='lat' dir='ltr'><strong>Hera</strong></span> <span class='ocrx_word' id='word_1_257' title='bbox 2382 4368 2722 4419; x_wconf 84' lang='lat' dir='ltr'><strong>betraehten.”</strong></span> 
     </span>
    </p>
   </div>
  </div>
 </body>
</html>
