3144 5114
1525 499 1621 584 84

402 719 687 780 constat
740 720 811 780 et
848 706 1350 803 compluribus
1386 707 1570 781 deae
1606 707 1878 794 statuis,
1906 707 2001 780 ad
2030 707 2363 804 exempla
2392 706 2751 781 Semitica
2822 685 2830 693 ’

402 831 689 918 exactiS‚
742 832 914 905 satis
970 832 1179 906 firme
1234 835 1591 929 probatur
1629 831 1697 932 1).

511 960 896 1030 Praeterea
948 972 1116 1031 sunt
1172 958 1296 1053 qui
1351 958 1890 1032 venerationem
1931 970 2195 1050 Μητρὸς
2218 969 2409 1050 ὀρείας
2431 965 2757 1052 Κυβήλης,

403 1107 593 1177 quae
648 1082 789 1155 dea
843 1082 913 1156 in
969 1082 1295 1181 Phrygia
1348 1097 1420 1156 et
1475 1084 1545 1157 in
1594 1083 2016 1181 regionibus
2062 1081 2756 1156 circumiacentibus

404 1233 638 1302 usque
692 1233 986 1303 quaque
1014 1207 1084 1279 in
1116 1208 1486 1282 montibus
1516 1209 2022 1282 celebrabatur
2051 1206 2121 1307 ²),
2159 1233 2201 1281 e
2227 1206 2756 1303 superstitioni-

402 1334 541 1405 bus
603 1332 966 1406 Semiticis
1029 1334 1352 1430 pendere
1406 1332 1771 1407 affirment
1796 1330 1866 1433 3).
1940 1336 2061 1407 De
2115 1359 2266 1428 qua
2321 1332 2756 1428 quaestione

404 1470 675 1530 certam
758 1457 1086 1553 proferre
1165 1458 1594 1532 sententiam
1653 1459 1995 1555 equidem
2052 1460 2200 1531 non
2258 1457 2509 1531 ausim.
2568 1458 2753 1530 Hoc

403 1596 647 1656 tamen
731 1596 930 1656 certo
1013 1583 1278 1657 certius
1335 1584 1510 1657 mihi
1565 1584 1869 1671 videtur,
1938 1593 2128 1656 Ῥέαν
2194 1583 2410 1656 deam
2465 1581 2755 1656 sincere

407 1709 788 1795 Graecam,
854 1734 1043 1803 quae
1113 1734 1645 1805 saepenumero
1719 1709 1935 1783 etiam
2002 1735 2046 1783 a
2099 1706 2576 1804 scriptoribus
2628 1733 2754 1781 ve-

403 1832 679 1907 teribus
760 1832 936 1929 ipsis
1000 1842 1260 1928 Κυβήλῃ
1325 1834 1762 1909 assimilatur
1786 1831 1856 1935 ⁴),
1925 1859 2167 1930 neque
2223 1858 2392 1906 cum
2448 1831 2754 1906 numine

403 1958 727 2054 quodam
804 1958 1153 2032 Semitico
1218 1960 1775 2054 quodammodo
1833 1961 2224 2033 cohaerere
2279 1983 2518 2052 neque
2572 1982 2748 2030 cum

403 2084 730 2182 Phrygia
783 2082 903 2157 illa
957 2085 1097 2157 dea
1152 2110 1298 2156 non
1337 2084 1472 2158 nisi
1512 2085 1747 2158 obiter
1785 2109 2187 2159 connexam
2228 2082 2450 2156 fuisse
2476 2079 2548 2182 ⁵).
2592 2091 2753 2153 Ῥέα

402 2209 595 2282 enim
680 2211 1135 2284 Graecorum
1220 2235 1490 2283 numen
1574 2210 1709 2283 fuit
1779 2210 2180 2308 genuinum
2248 2221 2467 2304 atque
2520 2207 2752 2281 since-

403 2360 585 2421 rum,
666 2349 739 2408 et
819 2360 1201 2430 nusquam,
1284 2337 1487 2431 quod
1542 2336 1884 2432 equidem
1940 2334 2189 2421 sciam,
2243 2334 2315 2406 in
2372 2330 2752 2406 montibus

334 2496 339 2503 ·
400 2460 844 2533 venerationi
929 2460 1078 2533 fuit.
1161 2462 1241 2532 In
1327 2460 1596 2559 mythis
1678 2475 1980 2547 tantum,
2064 2458 2331 2555 quibus
2396 2470 2754 2544 narratur,

402 2587 781 2681 quomodo
837 2586 909 2658 in
967 2586 1323 2659 montium
1380 2587 1677 2662 latebris
1744 2599 1887 2671 Διός
1949 2600 2180 2660 mater
2234 2584 2462 2657 filium
2527 2608 2752 2680 pepe-

401 2711 587 2797 rerit,
669 2737 888 2807 quem
972 2712 1238 2785 deinde
1319 2712 1662 2811 nymphis
1743 2711 2209 2786 educandum
2277 2708 2753 2795 mandaverit,

400 2851 685 2910 montes
740 2837 1064 2910 nonnulli
1120 2837 1458 2935 religiose
1516 2851 2223 2921 commemorantur;
2280 2860 2468 2931 quae
2494 2847 2749 2908 tamen

399 2960 706 3048 fabulae,
785 2963 974 3036 sicut
1053 2988 1277 3059 supra
1330 2962 1647 3037 vidimus
1675 2959 1745 3063 6),
1810 2962 2052 3058 potius
2108 2963 2204 3034 ad
2260 2958 2748 3034 celsissimum

397 3088 619 3160 deum
669 3098 808 3174 Δία,
855 3113 1075 3182 quam
1134 3087 1229 3161 ad
1279 3097 1446 3160 Ρέαν
1493 3087 1916 3161 referendae
1970 3100 2155 3161 sunt.

504 3212 787 3285 Dubito
871 3212 1107 3310 igitur,
1190 3238 1364 3284 num
1451 3227 1649 3286 recte
1720 3211 1975 3309 paucis
2037 3211 2238 3285 hisce
2293 3209 2754 3307 argumentis

472 3437 521 3500 1)
561 3436 638 3486 Cf.
676 3436 1010 3495 Prell.-Rob.,
1051 3435 1249 3485 Griech.
1287 3435 1498 3500 Myth.⁴
1534 3438 1560 3483 Ι
1601 3448 1698 3500 345
1741 3451 1851 3500 sqq.

466 3524 518 3593 2)
557 3530 609 3574 A
646 3527 790 3574 variis
809 3527 1081 3583 montibus,
1102 3526 1189 3573 ubi
1215 3526 1520 3574 venerationi
1545 3533 1663 3584 erat,
1692 3525 1824 3573 varia
1850 3525 2054 3572 nomina
2079 3524 2263 3588 adepta
2289 3528 2364 3571 est
2390 3522 2514 3570 dea:
2554 3526 2755 3576 Σιπυ-

394 3621 532 3691 λῲιη
568 3619 754 3687 (Strab.
788 3623 846 3669 X
867 3620 987 3683 469.
1034 3621 1092 3669 C.
1112 3622 1155 3669 I.
1177 3620 1237 3669 G.
1260 3630 1416 3683 3137,
1437 3632 1593 3683 3193,
1619 3619 1772 3682 3260,
1796 3619 1952 3682 3286,
1976 3619 2153 3683 3385),
2196 3611 2534 3688 Δινδυμήνῃ
2552 3614 2754 3683 (Strab.

390 3720 450 3766 X
488 3716 609 3779 469.
647 3716 842 3766 Herod.
879 3717 905 3762 I
945 3715 1029 3764 80.
1067 3715 1230 3764 Anth.
1270 3714 1379 3763 Pal.
1417 3716 1498 3763 VI
1538 3726 1623 3778 51.
1661 3716 1784 3765 Luc.
1823 3715 1970 3777 Trag.
2012 3727 2097 3777 30.
2135 3715 2292 3777 Verg.
2330 3716 2464 3761 Aen.
2485 3712 2574 3759 IX
2595 3711 2754 3778 618),

392 3804 582 3860 Ἰδαία
645 3804 784 3868 (Eur.
833 3806 920 3854 Or.
968 3815 1117 3868 1453.
1174 3803 1348 3868 Apoll.
1388 3803 1498 3855 Rh.
1536 3805 1563 3851 I
1608 3815 1759 3868 1125.
1814 3804 1978 3854 Strab.
2017 3806 2076 3852 X
2116 3803 2260 3867 469),
2303 3803 2515 3876 Τηρείη
2553 3799 2754 3867 (Strab.

389 3904 531 3952 XIII
570 3902 714 3966 589),
760 3899 1088 3973 Ἀσπορῄνη
1126 3896 1316 3966 (Strab.
1353 3898 1468 3945 XII
1507 3897 1646 3959 619),
1688 3898 2030 3973 Περγαμήνη
2051 3899 2132 3962 (C.
2155 3900 2196 3950 I.
2218 3898 2282 3948 G.
2304 3894 2757 3969 6835),·Κυβὲλη

389 3999 572 4063 (Strab.
595 3998 709 4046 XII
732 3997 852 4061 567.
893 3996 1119 4061 Hesych.
1158 4013 1197 4049 s,
1237 4012 1284 4048 v,
1323 3990 1562 4063 Κύβελα
1602 3994 1780 4055 (Diod.
1819 3996 1919 4044 Sic.
1957 3995 2039 4042 III
2060 3994 2145 4057 58.
2183 3995 2321 4043 Serv·
2357 3994 2410 4042 in
2430 3996 2587 4059 Verg.
2609 4000 2757 4050 Aen.

391 4088 473 4135 III
518 4088 660 4148 110).

460 4177 514 4239 3)
552 4176 632 4224 Cf.
652 4176 717 4224 E.
735 4175 926 4239 Meyer,
966 4175 1147 4225 Gesch.
1168 4176 1216 4225 d.
1240 4177 1458 4227 Alterth.
1477 4179 1504 4225 I
1527 4178 1628 4240 308
1653 4178 1681 4240 ,ξ
1705 4188 1825 4242 257.
1845 4179 1995 4230 Ferd.
2019 4196 2068 4228 v.
2088 4178 2331 4238 Andrian,
2355 4177 2594 4231 Hohenc.
2621 4195 2758 4248 259.

461 4268 511 4328 4)
552 4265 632 4316 Cf.
672 4263 833 4328 Orph.
872 4265 1067 4329 Hymn.
1106 4266 1353 4317 XXVII.
1427 4267 1674 4316 Strab.X
1714 4267 1833 4330 469.

464 4356 513 4418 5)
550 4353 629 4403 Cf.
672 4354 868 4405 Rosch.
907 4356 1057 4404 Ausf.
1099 4356 1221 4405 Lex.
1261 4355 1314 4403 11
1362 4355 1510 4407 1661.
1770 4357 1825 4421 6)
1864 4357 1944 4410 Cf.
1983 4373 2068 4423 pp.
2111 4353 2176 4419 46
2217 4373 2289 4422 sq.
