3144 5114
1362 536 1447 607 17

229 731 352 807 der
444 732 1040 831 Himmelsgott.»
1151 734 1271 806 De
1353 731 1769 807 Canaanitis
1851 731 2048 805 idem
2135 730 2572 806 edocemur:

228 884 476 931 eorum
535 885 836 954 quoque
889 858 1148 956 religio
1205 884 1477 956 magna
1531 884 1621 931 ex
1674 871 1882 953 parte
1937 884 1980 931 e
2032 869 2336 932 naturae
2373 859 2575 931 cultu

229 996 380 1057 orta
463 997 635 1071 erat,
690 984 1041 1079 quocirca
1113 984 1298 1080 coeli
1372 983 1718 1056 dominus
1790 1008 1968 1079 prae
2041 983 2299 1057 ceteris
2374 983 2575 1079 apud

229 1133 347 1182 eos
402 1109 852 1182 venerationi
907 1123 1061 1183 erat
1115 1123 1187 1182 et
1231 1109 1539 1182 summis
1579 1108 1650 1179 in
1691 1108 2063 1183 montibus
2102 1109 2480 1182 colebatur
2506 1106 2576 1208 1).

229 1233 343 1305 Ab
431 1234 518 1308 iis
594 1234 922 1308 Hebraei
1006 1260 1286 1308 morem
1363 1234 1563 1307 illum
1633 1235 1855 1307 deum
1913 1234 2202 1308 colendi
2258 1234 2330 1306 in
2394 1236 2576 1308 «Ba-

233 1360 476 1433 moth»
539 1359 953 1434 asciverunt
995 1357 1066 1457 ²),
1122 1362 1608 1455 quamobrem
1665 1371 1925 1455 postea
1969 1360 2391 1455 prophetae,
2448 1360 2574 1454 qui

126 1576 127 1579 Ἴ
233 1485 523 1580 quidem
619 1511 876 1560 omnes
956 1485 1528 1581 superstitioneS,
1612 1511 1805 1580 quae
1885 1511 1927 1558 e
2010 1499 2312 1558 naturae
2376 1485 2575 1556 cultu

232 1612 659 1705 pendebant,
716 1611 978 1684 acriter
1029 1610 1635 1707 perstringebant,
1688 1611 1879 1683 hanc
1932 1610 2360 1706 praesertim
2409 1635 2578 1683 con-

234 1736 684 1810 suetudinem
768 1750 1146 1831 tamquam
1220 1736 1686 1833 sacrilegium
1771 1749 1844 1808 et
1922 1761 2296 1809 summum
2373 1735 2577 1809 nefas

237 1859 746 1956 improbabant
781 1857 853 1962 3).
2429 1873 2438 1880 “

310 2148 352 2210 1)
387 2149 478 2198 W.
519 2149 610 2197 W.
648 2148 934 2207 Baudissin,
974 2148 1120 2199 Stud.
1158 2165 1202 2198 z.
1240 2148 1378 2198 Sem.
1415 2148 1536 2197 Rel.
1574 2148 1631 2196 Π
1670 2147 1768 2211 263
1810 2164 1919 2212 sqq.

305 2234 356 2303 2)
392 2238 523 2303 Ipsis
578 2237 826 2286 Hebraeis
881 2239 979 2286 iam
1035 2238 1153 2286 inde
1207 2254 1238 2286 a
1292 2238 1463 2302 priscis
1520 2237 1827 2302 temporibus
1866 2245 2064 2286 montes
2101 2236 2368 2286 nonnullos
2406 2253 2575 2286 sacros

237 2323 385 2374 fuisse
419 2328 652 2376 Baudiss.
689 2327 744 2374 II
783 2336 882 2390 253
923 2343 1032 2390 sqq.
1071 2326 1316 2391 probavit.

304 2411 356 2480 3)
392 2415 636 2481 Chantep.
673 2417 723 2465 d.
760 2416 793 2462 l.
831 2415 1001 2465 Sauss.
1039 2416 1100 2464 L.
1140 2416 1192 2464 d.
1230 2417 1302 2463 R.
1340 2417 1367 2462 Ι
1407 2426 1525 2476 272.
1563 2416 1795 2464 Baudiss.
1834 2416 1889 2463 II
1929 2415 2048 2464 261.
