3144 5114
1423 508 1460 578 7

273 700 620 788 ordinata,
702 701 1080 775 historiam
1141 702 1512 799 religionis
1570 686 1902 778 Graecae
1955 706 2353 801 perfectam
2388 709 2615 781 omni-

268 828 554 923 busque
610 827 931 901 numeris
987 827 1398 901 absolutam
1458 854 1906 925 componere
1944 827 2012 929 1).

373 1078 586 1150 Haec
651 1078 1175 1173 praeponenda
1211 1104 1389 1184 esse
1447 1079 1717 1166 censui,
1772 1093 1853 1152 ut
1908 1095 2103 1155 recte
2140 1081 2616 1179 intellegatur,

267 1227 412 1297 quo
471 1202 777 1275 consilio
833 1203 1383 1298 superstitiones
1438 1204 1886 1299 populorum
1944 1206 2059 1278 vel
2097 1207 2616 1281 remotissimo-

265 1353 424 1399 rum
485 1353 655 1400 cum
715 1327 1018 1401 Graecis
1075 1342 1637 1424 comparaturus
1694 1329 1851 1402 sim.
1908 1330 2119 1423 Quae
2157 1331 2456 1427 quidem
2499 1358 2615 1406 res

261 1452 459 1525 haud
543 1453 799 1548 paucis
856 1453 1160 1526 ridicula
1214 1454 1501 1526 videtur
1556 1468 1629 1527 et
1681 1480 1917 1550 paene
1970 1456 2343 1554 sacrilega.
2402 1459 2612 1531 Haec

264 1591 506 1651 tamen
564 1577 814 1673 opinio
871 1604 1006 1651 nos
1062 1604 1209 1651 non
1268 1579 1689 1652 morabitur.
1748 1580 2057 1676 Saepius
2114 1581 2307 1654 enim
2358 1582 2428 1654 in
2467 1583 2610 1656 hoc

264 1705 442 1775 orbe
499 1716 857 1775 terrarum
912 1703 1250 1777 homines
1307 1704 1543 1776 rident
1599 1730 1703 1791 ea,
1761 1731 1952 1801 quae
2007 1706 2223 1801 plane
2252 1707 2612 1804 ignorant.

261 1830 325 1899 A
388 1828 696 1902 Graecis
753 1854 1037 1924 nempe,
1093 1840 1173 1901 ut
1228 1855 1272 1902 a
1327 1829 1586 1902 ceteris
1622 1829 2063 1918 hominibus,
2102 1832 2425 1905 humana
2462 1858 2608 1906 non

262 1952 497 2026 aliena
570 1967 810 2039 erant;
876 1953 973 2025 nil
1049 1954 1315 2026 mirum
1392 1954 1637 2050 igitur,
1696 1955 1756 2027 si
1824 1980 1954 2028 eae
1995 1982 2141 2043 -res,
2198 1982 2382 2051 quas
2439 1983 2608 2030 cum

260 2078 517 2152 ceteris
590 2078 1011 2151 hominibus
1085 2105 1516 2153 communes
1571 2080 1860 2167 habent,
1901 2081 2178 2176 optime
2235 2108 2611 2178 compara-

258 2204 455 2277 tione
541 2204 1002 2277 illustrantur.
1087 2204 1453 2301 Imprimis
1533 2206 2003 2301 populorum,
2096 2207 2221 2302 qui
2306 2208 2609 2281 Graecis

258 2329 554 2426 cognati
609 2343 794 2416 sunt,
849 2330 1184 2425 exempla
1239 2329 1580 2416 afferam;
1637 2355 1784 2402 non
1842 2332 2049 2427 quasi
2108 2331 2372 2419 omnia,
2420 2359 2610 2428 quae

257 2454 521 2527 similia
572 2454 862 2540 habent,
916 2456 1012 2527 ad
1069 2480 1539 2528 communem
1598 2455 1874 2529 fontem
1923 2457 2606 2554 indogermanicum

263 2581 646 2655 referenda
719 2606 878 2654 esse
934 2607 1271 2655 censeam
1318 2627 1415 2636 —
1455 2582 1595 2655 hac
1644 2583 1738 2655 de
1793 2609 1872 2655 re
1900 2609 2092 2678 quae
2154 2582 2406 2671 senti0,
2462 2584 2606 2657 iam

260 2707 581 2803 exposui,
608 2706 659 2806 2)
711 2752 809 2760 ——
853 2707 985 2779 sed
1060 2706 1404 2803 cognatio
1472 2707 1814 2780 artiorem
1890 2708 2262 2802 quandam
2337 2709 2608 2805 ingenii

261 2857 559 2928 quoque
642 2832 1169 2905 connexionem
1254 2831 1461 2928 parit,
1535 2858 1685 2928 quo
1761 2832 1860 2919 fit,
1934 2847 2015 2905 ut
2088 2833 2312 2930 vulgo
2372 2834 2607 2907 maior

260 2959 623 3052 quaedam
726 2957 1255 3055 cogitationum
1356 2957 1756 3030 similitudo
1847 2958 2165 3054 populos
2249 2973 2606 3056 cognatos

260 3083 802 3179 complectetur,
877 3107 1099 3178 quam
1184 3083 1366 3156 inter
1421 3108 1568 3169 eOS,
1625 3083 1750 3178 qui
1808 3083 2091 3180 origine
2146 3084 2368 3181 longe
2423 3084 2607 3157 inter

259 3234 335 3281 se
406 3207 694 3293 distant,
767 3222 1049 3281 exstare
1121 3207 1322 3281 solet.
1377 3210 1763 3281 Praeterea
1818 3209 2093 3304 optime
2148 3210 2251 3282 sic
2309 3209 2603 3282 obviam

261 3332 400 3405 itur
475 3333 763 3429 ineptae
837 3333 934 3405 illi
1011 3333 1380 3419 methodO,
1454 3359 1604 3428 qua
1676 3334 1875 3406 haud
1933 3359 2099 3406 raro
2157 3360 2263 3420 ea,
2319 3360 2512 3429 quae
2560 3361 2604 3408 a

262 3458 790 3532 consuetudine
846 3460 1134 3532 Graeca
1190 3458 1423 3532 aliena
1460 3459 1816 3546 videntur,
1855 3460 1951 3531 ad
1989 3460 2325 3555 exempla
2358 3460 2604 3555 potius

260 3583 608 3658 Semitica
682 3584 1084 3670 trahuntur,
1161 3609 1382 3679 quam
1457 3584 1714 3657 sedula
1768 3584 2323 3681 investigatione
2387 3586 2605 3681 expli-

258 3723 531 3782 cantur.

333 3904 385 3967 1)
442 3904 507 3952 O.
567 3904 771 3968 Gruppe
832 3903 980 3952 talem
1037 3903 1297 3952 historiam
1352 3919 1653 3968 componere
1712 3904 1765 3951 in
1801 3905 1968 3952 animo
2007 3920 2060 3952 se
2098 3904 2282 3953 habere
2318 3903 2515 3968 scripsit
2549 3905 2602 3951 in

259 3993 405 4043 Burs.
455 3993 690 4057 Jahresb.
754 4006 886 4054 1900
938 4009 991 4057 p.
1058 4003 1172 4055 137,
1226 3994 1309 4041 ubi
1355 3995 1524 4058 paucis
1583 3993 1744 4041 verbis
1780 3993 1927 4042 huius
1968 3995 2130 4058 operis
2170 3994 2600 4042 adumbrationem

258 4083 501 4146 exposuit.
542 4083 736 4131 Vereor
774 4089 952 4142 tamen,
994 4098 1056 4130 ne
1093 4091 1461 4146 praematurum
1489 4083 1553 4131 sit
1590 4082 1822 4130 iamnunc
1858 4083 1953 4130 tale
1989 4084 2244 4145 negotium
2296 4084 2563 4146 suscipere.

332 4172 382 4234 2)
420 4170 499 4219 Cf.
543 4186 634 4234 pp.
671 4185 698 4235 3
740 4186 814 4234 sq.
