3144 5114
1313 510 1407 596 63

208 732 368 792 nota
447 745 558 794 res
642 733 768 807 est,
851 746 996 793 non
1079 721 1320 793 solum
1403 746 1696 794 summa
1750 722 2087 796 Parnassi
2154 723 2344 821 iuga,
2399 726 2529 798 sed

206 857 384 918 totus
440 871 651 920 mons
706 871 915 920 sacer
950 860 1121 920 erat.
1180 848 1448 942 Neque
1484 847 1627 920 hoc
1667 874 1815 921 uno
1854 862 2134 922 tantum
2174 850 2340 922 loco
2391 859 2532 931 Διός

205 970 466 1043 cultum
524 972 618 1045 ad
675 997 756 1045 se
810 957 1111 1045 traxisse
1165 971 1453 1046 videtur
1488 974 1781 1069 Apollo,
1836 974 1967 1047 sed
2024 974 2194 1046 alibi
2234 1000 2536 1069 quoque

203 1093 385 1168 haud
443 1122 607 1169 raro
665 1096 939 1170 factum
997 1111 1123 1183 est,
1180 1109 1259 1170 ut
1312 1097 1532 1195 prisci
1574 1097 1954 1171 cuiusdam
1986 1098 2103 1172 dei
2134 1099 2532 1173 veneratio-

204 1244 356 1291 nem
404 1235 802 1318 occuparet
837 1218 906 1320 1).
964 1204 1044 1294 In
1083 1221 1194 1294 his
1244 1230 1594 1296 Ἀπόλλων
1618 1235 1970 1316 Παρράσιος
2000 1223 2154 1298 sive
2180 1233 2429 1306 Πύθιος
2457 1224 2529 1297 in

202 1344 553 1420 Arcadiae
610 1360 860 1420 monte
917 1348 1230 1445 Lycan,
1287 1348 1432 1435 ubi,
1488 1362 1568 1422 ut
1624 1376 1847 1447 supra
1891 1349 2210 1423 vidimus
2238 1346 2308 1449 ²),
2381 1363 2534 1431 Ζεὺς

202 1482 462 1555 Λύκαιος
535 1471 706 1546 inde
789 1499 833 1547 a
915 1472 1416 1547 remotissimis
1499 1474 1954 1571 temporibus
2010 1477 2532 1562 celebrabatur,

201 1597 729 1671 venerationem
815 1612 1122 1695 nanctus
1205 1612 1360 1672 erat
1404 1594 1473 1698 3).
1568 1601 2002 1695 Numquam
2089 1615 2331 1675 tamen
2416 1602 2532 1674 ille

201 1722 551 1816 Apollinis
634 1724 872 1797 cultus
956 1724 1050 1796 ad
1117 1749 1285 1797 eum
1342 1723 1700 1797 honorem
1756 1725 2173 1821 pervenisse
2226 1726 2531 1812 videtur,

201 1858 274 1918 ut
316 1859 454 1931 Διός
509 1847 1051 1952 venerationem
1111 1848 1572 1945 exstinguere
1628 1863 1879 1946 posset
1914 1847 1982 1949 4).

301 1973 538 2046 Etiam
606 1973 678 2045 in
737 1974 1044 2071 Cotylio,
1100 1973 1171 2046 in
1229 1975 1414 2047 colle
1458 1974 1632 2048 satis
1662 1976 1826 2062 alto,
1857 1975 1982 2070 qui
2010 1976 2209 2050 haud
2239 1977 2460 2073 longe
2489 2002 2533 2049 a

205 2095 485 2194 Lycaeo
519 2113 767 2172 monte
795 2101 1019 2186 abest,
1042 2105 1390 2171 Ἀπόλλων
1414 2108 1856 2193 (Ἐπικούριος)
1881 2101 2273 2174 colebatur.
2300 2101 2532 2175 Aedis

150 2315 157 2321 ἢ
203 2221 556 2318 reliquiae,
629 2224 871 2297 adhuc
928 2238 1307 2311 exstanteS,
1389 2238 1743 2298 testantur
1801 2225 2100 2299 minime
2154 2227 2529 2299 veritatem

202 2370 567 2442 egressum
634 2374 794 2422 esse
821 2350 1307 2452 Pausaniam,
1363 2375 1534 2424 cum
1593 2350 1952 2448 insignem
2011 2352 2166 2424 eius
2223 2333 2533 2448 pulchri-

201 2472 517 2547 tudinem
595 2500 681 2548 ac
747 2489 1153 2550 structurae
1209 2476 1772 2549 concinnitatem
1830 2476 2136 2550 summis
2190 2476 2532 2550 laudibus

203 2596 481 2673 efferret
517 2597 586 2699 5).

300 2725 375 2797 In
453 2726 762 2799 Boeotia
831 2727 1163 2800 Thebani
1237 2753 1442 2824 prae·
1477 2727 1734 2801 ceteris
1789 2727 1927 2800 diis
1981 2728 2401 2824 Apollinem
2459 2726 2530 2799 in

200 2845 369 2923 locis
416 2851 718 2924 excelsis
746 2853 1295 2925 venerabantur.
1326 2853 1554 2926 Haud
1586 2853 1807 2950 longe
1836 2854 1931 2925 ab
1960 2854 2142 2925 urbe
2165 2856 2532 2950 Ἀπόλλωνι

201 2983 482 3072 Ἰσμηνίῳ
529 2977 918 3050 delubrum
977 2978 1539 3050 aedificaverant
1595 2977 1667 3050 in
1724 2978 1909 3051 colle
1938 2978 2253 3051 Ismenio
2282 2976 2368 3076 (Ἃ
2398 3003 2531 3051 nec

204 3123 338 3172 non
395 3102 467 3174 in
527 3115 775 3174 monte
830 3104 1018 3174 Ptoo
1058 3103 1410 3198 templum
1451 3129 1536 3175 ac
1568 3103 1946 3176 oraculum
1979 3103 2532 3177 celeberrimum

202 3231 605 3307 Ἀπόλλωνος
652 3236 887 3297 Πτώου
932 3228 1265 3301 Thebani
1296 3225 1839 3326 possidebant&
1886 3229 2270 3301 Postremo
2302 3255 2534 3326 prope

272 3484 320 3547 1)
356 3486 437 3534 De
472 3501 572 3549 qua
607 3501 658 3535 re
695 3485 797 3537 vid.
835 3486 886 3535 S.
909 3487 1081 3545 Wide,
1124 3489 1183 3535 L.
1225 3488 1298 3537 K.
1336 3504 1385 3551 p.
1427 3500 1510 3549 91.
1801 3483 1853 3552 2)
1892 3487 1972 3535 Cf.
2011 3502 2098 3551 pp.
2140 3499 2208 3550 30
2247 3504 2292 3537 e.
2312 3505 2363 3551 q.
2384 3505 2424 3538 5.

267 3574 315 3634 3)
350 3575 431 3623 De
468 3575 724 3640 Apollinis
760 3577 878 3624 fano
915 3582 965 3624 et
1001 3577 1064 3624 de
1084 3577 1236 3625 sacris
1265 3577 1584 3633 solemnibuS‚
1610 3591 1737 3638 quae
1758 3575 2021 3639 quotannis
2040 3575 2138 3624 deo
2157 3578 2531 3640 peragebantur,

202 3660 307 3710 vide
342 3664 493 3713 Perus,
538 3665 674 3714 VIII
712 3664 852 3727 38,8.
890 3665 947 3714 C.
989 3666 1030 3715 Ι.
1069 3666 1132 3714 G.
1179 3677 1328 3729 1534.

267 3752 320 3814 4)
358 3752 553 3816 Quibus
606 3754 815 3803 vinculis
852 3754 1012 3804 cultus
1056 3750 1210 3816 Διὸς
1251 3757 1531 3819 Λυκαίου,
1574 3747 1723 3815 Διὸς
1764 3757 2117 3827 Λικωρείου,
2167 3753 2532 3817 Ἀπόλλωνος

204 3846 525 3922 Λυκωρείου
566 3849 693 3897 inter
730 3865 838 3899 sese
874 3850 1185 3911 cohaereant,
1208 3853 1440 3914 indagare
1477 3859 1685 3900 conatus
1706 3858 1782 3898 est
1802 3848 2031 3913 O.Jahn‚
2053 3851 2167 3898 Ber.
2190 3850 2240 3898 d.
2263 3851 2334 3898 K.
2357 3850 2532 3900 SachS.

205 3938 449 3992 Geselsch.
487 3945 537 3994 d.
578 3945 736 3994 Wiss.
774 3946 801 3992 I
839 3955 957 4008 417.
997 3946 1075 3995 Cf.
1115 3947 1265 3995 etiam
1290 3947 1381 3996 W.
1402 3947 1671 4003 Immerw.‚
1693 3945 1766 3992 K.
1787 3961 1834 3993 u.
1857 3945 1931 3991 M.
1959 3946 2027 3993 A.
2053 3960 2138 4008 pp.
2164 3956 2244 4002 22,
2275 3954 2387 4007 137,
2414 3957 2532 4009 253.

273 4033 322 4093 5)
356 4033 507 4085 PauS.
546 4034 683 4082 VIII
720 4044 858 4097 41‚7.
898 4047 1033 4098 30‚4.
1075 4035 1154 4084 Cf.
1191 4035 1526 4098 Stackelberg,
1564 4032 1981 4099 Apollontempel
2016 4049 2078 4080 zu
2115 4033 2316 4084 Bassae.

269 4117 322 4181 6)
362 4120 444 4171 Cf.
480 4123 634 4173 Paus,
671 4123 758 4171 IX
804 4136 917 4181 10,2
961 4139 1069 4188 sqq.
1111 4125 1193 4173 De
1232 4125 1368 4173 aedis
1406 4140 1571 4173 sacrae
1608 4123 1826 4187 reliquiis
1862 4122 1926 4170 de
1945 4122 2123 4170 statuis
2143 4122 2349 4187 aliisque
2367 4125 2531 4185 rebuS,

206 4206 265 4254 ad
315 4209 569 4274 Apollinis
630 4210 816 4260 cultum
868 4214 1247 4277 pertinentibus,
1286 4229 1494 4276 quarum
1533 4229 1715 4275 magna
1750 4227 1863 4275 pars
1898 4227 1927 4258 a
1964 4211 2323 4273 Franco-gallis
2360 4215 2534 4276 viginti

206 4308 356 4356 paene
412 4315 572 4349 annos
634 4300 818 4349 abhinc
870 4301 1052 4351 effossa
1106 4307 1196 4360 est,
1255 4302 1368 4350 vide
1405 4304 1481 4351 M.
1519 4301 1769 4350 Holleaux
1804 4302 1857 4348 in
1893 4300 2077 4352 Bullet.
2113 4300 2177 4348 de
2214 4300 2353 4351 Corr.
2393 4303 2530 4355 Hell.

216 4386 350 4437 Ann.
391 4387 755 4454 1885—1892.
998 4393 1048 4452 7)
1086 4390 1164 4439 Cf.
1183 4391 1336 4439 Paus,
1356 4391 1442 4439 IX
1464 4400 1602 4453 23,7.
1619 4391 1782 4439 Strab.
1802 4390 1888 4437 IX
1903 4401 2023 4452 413.
2041 4393 2234 4440 Herod.
2257 4392 2392 4439 VIII
2417 4404 2533 4458 ¹35·
