3144 5114
1706 540 1804 608 42

578 729 931 828 plectitur,
1012 732 1189 803 dum
1275 730 1603 826 undique
1657 731 1875 805 flores
1926 706 2110 805 ‘varii
2165 731 2591 828 viridaeque
2649 732 2907 805 herbae

583 881 624 928 e
679 869 871 928 terra
924 855 1240 928 emicant
1278 853 1350 955 1).

688 980 915 1054 Cuius
971 980 1401 1055 narrationis
1460 1007 1705 1055 veram
1764 982 2376 1079 significationem
2435 981 2712 1078 optime
2767 1006 2907 1078 per-

554 1104 817 1200 'spexit
866 1105 1232 1202 Vergilius
1262 1103 1332 1206 ἵ),
1377 1106 1503 1201 qui
1530 1107 1734 1181 hisce
1760 1107 2092 1180 versibus
2122 1107 2447 1180 imitatur
2477 1109 2910 1180 Homerum:

685 1295 878 1365 Tum
935 1307 1144 1390 pater
1199 1294 1663 1390 omnipotens
1720 1294 2052 1368 fecundis
2109 1294 2466 1368 imbribus
2521 1293 2794 1367 Aether

687 1418 1042 1515 Coniugis
1099 1418 1169 1489 in
1224 1419 1592 1515 gremium
1647 1421 1880 1493 laetae
1936 1420 2313 1493 descendit
2368 1434 2439 1492 et
2495 1444 2748 1492 omnes

688 1545 1007 1639 Magnus
1064 1544 1205 1630 alit,
1263 1569 1536 1640 magno
1597 1545 2036 1618 commixtus
2094 1570 2420 1641 corpore,
2477 1544 2682 1617 fetuS.

686 1750 975 1823 Eodem
1033 1750 1332 1845 respicit
1387 1750 1637 1823 fabula
1693 1751 1787 1823 de
1844 1761 1986 1833 Διός
2034 1765 2106 1823 et
2148 1760 2357 1843 (Ἥρας
2401 1749 2689 1845 nuptiis,
2736 1773 2916 1845 quae

579 1875 762 1948 inter
843 1875 1222 1971 Argolidis
1305 1875 1688 1972 indigenas
1770 1876 2211 1949 tradebatur.
2294 1875 2534 1967 Quam
2605 1874 2910 1948 fabulam

577 1999 1007 2073 Aristoteles
1090 2013 1334 2073 narrat
1415 1999 1486 2071 in
1569 2000 1864 2073 scholiis
1930 2001 2025 2073 ad
2080 1999 2552 2073 Theocritum
2611 2000 2752 2072 XV
2807 2004 2914 2089 64.

684 2136 836 2207 Ζεύς
893 2125 1065 2197 olim
1123 2125 1523 2221 cupiditate
1581 2125 1845 2211 uxoris,
1902 2125 1969 2197 in
2014 2140 2261 2198 monte
2299 2127 2541 2198 Prone
2596 2122 2916 2208 sedentis,

578 2264 734 2323 toto
791 2264 1088 2346 pectore
1135 2250 1457 2347 flagrans
1505 2251 1720 2346 eique
1775 2250 2242 2346 supervenire
2272 2250 2593 2346 cupiens,
2614 2250 2686 2322 in
2717 2273 2910 2322 avem

579 2376 923 2448 cuculum
980 2401 1059 2448 se
1114 2375 1471 2448 convertit
1526 2391 1600 2448 et
1653 2376 1916 2449 furtive
1973 2376 2043 2448 in
2102 2375 2349 2449 uxoris
2403 2375 2720 2473 genibus
2758 2400 2913 2448 con-

578 2501 840 2587 sidens
896 2526 1058 2574 eam
1117 2501 1457 2597 amplexu
1515 2513 1847 2598 occupat.
1907 2501 2104 2575 Hinc
2146 2500 2216 2574 in
2246 2500 2629 2599 Argolidis
2660 2513 2911 2584 monte,

579 2627 705 2721 qui
757 2637 995 2719 Θόρναξ
1059 2626 1212 2699 sive
1263 2637 1607 2715 Κοκκύχιον
1652 2627 2050 2712 dicebatur,
2105 2627 2367 2725 Argivi
2407 2654 2560 2701 rem
2602 2627 2910 2700 divinam

579 2751 942 2824 faciebant
1014 2763 1143 2838 Au'5
1213 2762 1391 2847 (Ἥρᾳ
1456 2765 1712 2825 contra
1795 2752 1865 2824 in
1941 2767 2190 2826 monte
2266 2753 2608 2848 opposito
2667 2755 2910 2824 Prone.

581 2877 985 2971 Utriusque
1058 2876 1374 2950 numinis
1432 2878 1652 2950 aedes
1708 2905 1942 2973 usque
1998 2879 2093 2951 ad
2150 2878 2557 2950 Pausaniae
2612 2891 2909 2951 aetatem

579 3004 649 3075 in
706 3002 1012 3075 summis
1071 3002 1442 3076 montibus
1499 3003 1782 3076 exstitit.
1841 3003 1946 3077 Cf.
2004 3005 2216 3076 Paus.
2275 3004 2340 3075 II
2403 3009 2522 3093 36,
2593 3029 2616 3075 1
2685 3029 2791 3100 sq.

668 3130 854 3190 ''Eom
897 3126 950 3188 δ’
1018 3123 1127 3190 οὖν
1167 3127 1302 3202 ὁδὸς
1344 3133 1443 3191 καὶ
1492 3130 1548 3201 ἒς
1596 3130 1835 3210 ταύτην
1883 3128 2023 3211 (τὴν
2073 3126 2256 3192 πόλιν
2303 3126 2600 3213 ςΑλίκην)
2681 3142 2790 3192 τοῦ
2854 3151 2909 3188 τε

578 3242 837 3320 Πρωνὸς
889 3237 1037 3318 μέση
1099 3241 1197 3299 καὶ
1258 3238 1431 3321 ὄρους
1483 3238 1687 3320 ἑτέρου
1748 3239 2050 3321 Θόρνακος
2098 3236 2475 3318 καλουμένου
2529 3241 2600 3300 τὸ
2650 3241 2904 3322 ἀρχαῖον·

577 3351 705 3410 ἀπὸ
786 3345 846 3409 δὲ
928 3359 1034 3429 τῆς
1116 3350 1258 3420 Διὸς
1326 3349 1382 3420 ἐς
1452 3349 1717 3425 κόκκυγα
1787 3351 1895 3411 τὸν
1965 3348 2185 3431 ὄρνιθα
2255 3345 2528 3430 ἀλλαγῆς
2603 3346 2908 3429 λεγομένης

574 3459 855 3519 ἐνταῦθα
915 3455 1197 3533 γενέσθαι
1256 3465 1787 3539 μετονομασθῆναι
1837 3461 1906 3519 τὸ
1948 3458 2081 3540 ὄρος
2138 3459 2338 3538 φασίν.
2388 3460 2555 3541 Ἱερὰ
2604 3456 2666 3520 δὲ
2714 3460 2812 3520 καὶ
2854 3457 2904 3527 ἐς

577 3565 712 3628 τόδε
767 3567 868 3627 ἐπὶ
930 3565 1133 3646 ἄκρων
1193 3579 1319 3630 τῶν
1365 3570 1536 3650 ὀρῶν,
1583 3568 1684 3628 ἐπὶ
1729 3569 1838 3647 μὲν
1887 3579 1973 3653 τῷ
2028 3569 2355 3653 Κοκκυγίῳ
2404 3569 2566 3644 Διός,
2613 3569 2676 3631 ἓν
2722 3565 2782 3628 δὲ
2827 3575 2906 3649 τῷ

577 3677 794 3759 Πρωνί
840 3674 1001 3738 ἔστιν
1052 3678 1277 3759 “Ηρας.

656 4012 698 4073 1)
718 4010 861 4058 Iliad.
883 4013 929 4065 Ξ
947 4009 1047 4072 346
1070 4026 1111 4059 e.
1134 4027 1182 4073 q.
1206 4027 1245 4058 S.
1269 4003 1297 4079 ἧ
1327 4010 1396 4082 ῥα
1445 4004 1531 4061 ua*
1560 4009 1736 4084 ἀγκοίς
1757 4003 2005 4083 ’ἔμαρπτε
2027 4009 2254 4084 Κρόνου
2278 4012 2406 4070 παῖς
2426 4009 2530 4079 βῆν
2555 4012 2904 4085 παράκοιτιν

935 4106 1087 4159 τοῖσι
1124 4103 1172 4156 δ’
1200 4101 1307 4158 ὑπὸ
1350 4102 1507 4171 χθὼν
1549 4104 1640 4159 δῖα
1685 4105 1842 4173 ’φύεν
1882 4106 2173 4177 νεοθηλέα
2217 4110 2402 4177 ποίην,

942 4197 1121 4253 λωτὸν
1162 4196 1501 4272 ἑῐερσήεντα
1546 4196 1634 4254 ἰδὲ
1679 4204 1880 4274 κρόκον
1921 4200 2004 4271 ἧδ’
2050 4199 2326 4259 {duamur

924 4293 1137 4349 πυκνὸν
1183 4292 1275 4348 καὶ
1318 4293 1599 4367 μαλακὸν,
1643 4296 1703 4358 ὅς
1743 4294 1863 4368 ἀπὸ
1905 4295 2116 4364 χθονὸς
2161 4296 2331 4368 ὖψόσ’
2371 4292 2561 4375 ἕ,ῑεργε

651 4394 699 4453 2>
750 4392 902 4455 Verg.
938 4392 1111 4474 ‘Georg
1147 4393 1200 4440 ΙΙ
1238 4404 1336 4458 325
1376 4410 1419 4441 e.
1457 4409 1506 4457 q.
1548 4408 1588 4443 S.
1628 4393 1704 4442 Cf.
1745 4394 1944 4442 Lucret.
1982 4395 2007 4440 I
2049 4404 2150 4457 250
2187 4411 2260 4458 sq.

1821 4597 1872 4698 0
