3144 5114
1620 525 1712 596 54

492 713 1076 808 promontorium
1171 714 1487 811 denique
1588 716 1836 790 Malea
1921 741 2188 792 nomen
2272 717 2575 792 dederat
2662 732 2828 799 Πανὶ

494 835 826 923 Μαλειήτῃ
872 832 944 923 1).

1116 1052 1241 1123 DE
1288 1062 1590 1124 Διονύσου
1636 1075 2203 1127 VENERATIONE.

602 1309 1045 1406 Saepissime
1137 1322 1310 1383 Πανί
1395 1337 1646 1386 comes
1748 1312 2170 1410 adiungitur
2245 1324 2552 1399 Διόνυσος,
2635 1314 2837 1408 quod

496 1434 795 1530 quidem
879 1434 1148 1509 nemini
1223 1436 1486 1509 mirum
1560 1435 1943 1524 videbitur,
2016 1437 2141 1533 qui
2208 1437 2657 1535 cognoverit,
2713 1436 2839 1509 Di-

497 1586 811 1659 onysum
912 1587 1210 1656 quoque
1310 1561 1380 1634 in
1482 1588 1791 1635 numero
1855 1564 2184 1659 ‘deorum
2278 1562 2836 1659 pastoriciorum

494 1685 918 1759 habendum
974 1712 1149 1760 esse.
1204 1686 1344 1759 Vix
1380 1686 1572 1760 enim
1623 1687 1941 1761 dubitari
1971 1702 2230 1784 potest,
2259 1687 2435 1783 quin
2465 1686 2841 1760 verissime

497 1813 592 1885 de
638 1836 728 1885 eo
773 1812 955 1885 haec
1011 1811 1505 1885 observaverit
1560 1808 1636 1886 S.
1688 1812 1910 1886 Wide
1939 1811 2026 1914 2):
2091 1813 2652 1909 «Beziehungen
2711 1813 2841 1885 des

499 1938 783 2011 Bockes
864 1963 1032 2009 zum
1118 1935 1494 2035 Dionysos
1566 1938 1913 2011 kommen
1969 1938 2138 2011 sehr
2189 1937 2447 2035 h'aufig
2498 1963 2634 2010 vor
2690 1937 2843 2009 und

498 2063 784 2136 werden
843 2088 962 2135 am
1019 2064 1270 2135 besten
1328 2062 1659 2136 dadurch
1707 2064 1987 2150 erklart,
2042 2065 2213 2137 dass
2253 2089 2420 2136 man
2471 2062 2844 2148 annimmt,

500 2189 631 2262 der
704 2190 885 2262 Gott
955 2189 1147 2261 habe
1219 2187 1634 2284 anfanglich
1692 2202 1903 2262 unter
1956 2190 2099 2261 den
2156 2188 2660 2285 Ziegenhirten
2719 2187 2845 2261 auf

498 2316 641 2388 den
726 2317 1013 2411 Bergen
1096 2313 1531 2411 Verehrung
1592 2314 2030 2412 gesunden.»
2104 2316 2184 2386 In
2243 2314 2613 2387 montibus
2667 2339 2843 2387 sane

500 2440 751 2537 vagari
808 2441 1201 2535 putabatur
1255 2440 1457 2524 deus,
1514 2438 1639 2534 qui
1687 2451 1986 2532 ὀρεσθεύς,
2033 2450 2384 2532 ὀρειφοίτης,
2430 2450 2843 2531 οὐρεσιφοίτης

406 2605 415 2612 ·
499 2591 720 2661 saepe
757 2565 1421 2663 cognominabatur
1449 2591 1493 2638 a
1522 2564 1757 2662 poetis
1785 2560 1873 2661 ³);
1903 2563 1974 2637 in
2006 2563 2364 2637 montium
2395 2563 2588 2661 iugis
2619 2564 2842 2661 igitur

502 2692 902 2764 Maenades
982 2691 1136 2764 sive
1217 2690 1590 2763 Thuiades
1670 2690 2076 2763 haedorum
2133 2689 2471 2786 ‚pellibus
2530 2689 2841 2776 indutae,

501 2817 742 2914 capita
769 2830 1163 2890 coronatae
1198 2817 1489 2902 hedera,
1516 2817 1807 2914 thyrsos
1835 2815 2048 2888 tibias
2076 2829 2430 2913 tympana
2454 2827 2841 2912 gestantes,

503 2943 712 3040 orgia
758 2944 1125 3016 celebrare
1179 2942 1527 3016 solebant.
1585 2943 1664 3014 In
1711 2941 1823 3013 his
1862 2940 2277 3014 Phocenses
2306 2943 2744 3015 Parnassum
2774 2938 2841 3037 ⁴),

504 3067 788 3141 Boeotii
847 3068 1356 3142 Cithaeronem
1385 3063 1437 3165 ⁵)
1493 3079 1565 3139 et
1624 3065 2104 3162 Laphystium
2124 3060 2195 3164 6),
2255 3065 2601 3138 Laconici
2654 3067 2842 3163 Tay·

501 3207 755 3291 getum
785 3191 835 3292 7)
910 3207 982 3266 et
1057 3193 1463 3290 Larysium,
1538 3190 1881 3263 Messenii
1940 3192 2178 3263 Euam
2207 3189 2258 3289 b)
2317 3205 2659 3278 montem,
2723 3190 2840 3263 cui

503 3343 769 3391 nomen
844 3344 887 3392 a
960 3319 1474 3392 bacchantium
1535 3318 1857 3395 clamore
1906 3331 2035 3390 εὐοῖ
2075 3315 2383 3389 inditum
2441 3342 2600 3391 esse
2654 3315 2844 3388 dice-

501 3446 735 3530 batur,
780 3456 1057 3541 Διονύσῳ
1101 3460 1718 3520 consecraverant.

583 3739 630 3802 1)
669 3737 865 3787 Callim.
905 3738 965 3786 fr.
1005 3749 1104 3800 412
1147 3735 1268 3798 (Ed.
1308 3734 1621 3797 Schneider).

579 3829 626 3889 2)
664 3825 839 3885 wide,
879 3826 1005 3874 Lak.
1043 3825 1219 3874 Kulte.
1266 3822 1380 3885 169.
1983 3826 2034 3885 3)
2074 3823 2203 3873 Ibid.
2243 3838 2366 3887 pag.
2402 3833 2514 3869 120.

576 3917 632 3981 4)
669 3918 819 3965 Faus·
840 3917 899 3965 X
926 3931 974 3979 4,
1000 3928 1047 3965 2.
1068 3914 1257 3964 Aesch.
1277 3916 1429 3964 Eum.
1452 3925 1515 3961 22
1542 3930 1652 3977 sqq.
1672 3912 1831 3977 Soph.
1854 3912 2028 3975 Antig.
2056 3925 2075 3959 1
2093 3925 2110 3959 1
2126 3910 2206 3960 26.
2228 3913 2349 3960 Eur.
2371 3910 2483 3976 Iph.
2514 3911 2664 3960 Taur.
2693 3921 2839 3973 1243.

579 4008 632 4071 5)
674 4008 823 4070 Verg.
864 4009 996 4054 Aen.
1035 4004 1115 4053 IV
1155 4016 1257 4067 300
1289 4020 1397 4067 sqq.
1437 4003 1588 4052 Paus.
1626 4003 1713 4050 IX
1759 4015 1799 4059 1,
1827 4015 1883 4058 2;
1927 4015 1974 4064 3,
2003 4014 2046 4049 1.
2072 4001 2240 4050 Schol.
2271 4001 2426 4063 Verg.
2453 4000 2637 4061 Georg.
2657 3999 2844 4061 11143.

577 4094 634 4166 6)
670 4099 842 4160 Etym.
881 4097 957 4144 M.
999 4092 1341 4162 Λαφύστιος
1385 4091 1415 4147 ὁ
1458 4090 1750 4154 Διόνυσος
1791 4090 1904 4147 ἀπὸ
1949 4093 2048 4146 τοῦ
2089 4088 2151 4144 ἐν
2197 4092 2460 4163 Βοιωτίᾳ
2490 4085 2841 4156 Λαφυστίου

510 4190 676 4266 ὅρους
730 4189 917 4240 4861101.
956 4189 1206 4255 Lycophr.
1252 4199 1400 4252 1237.
1476 4184 1850 4257 Λαφυστίας·
1896 4188 1925 4241 ὁ
1971 4181 2280 4248 Διόνυσος,
2324 4182 2438 4240 ἀπὸ
2472 4174 2835 4252 Λαφυστίου,

510 4285 676 4362 ὄρους
715 4288 1024 4346 Βοιωτίας.

582 4386 629 4446 7)
667 4382 825 4431 Arist.
868 4383 986 4447 Lys.
1034 4395 1182 4445 1309.
1225 4382 1378 4445 Verg.
1418 4381 1602 4443 Georg.
1640 4381 1693 4427 11
1731 4378 1833 4443 486
1880 4395 1987 4444 sqq.
2277 4377 2327 4441 8)
2363 4378 2512 4426 Paus.
2553 4376 2633 4425 IV
2675 4388 2756 4439 31,
2793 4387 2843 4437 4.
