3144 5114
1284 527 1377 600 59

187 718 397 806 deum,
448 720 655 821 cuius
709 719 957 794 10011111
1013 720 1288 818 Apollo
1343 733 1602 816 postea
1639 733 2050 818 occuparet.
2106 722 2494 794 Praeterea

187 845 458 932 Usener,
512 845 1075 919 Moellendorfio
1133 845 1637 943 adstipulatus,
1672 844 2151 942 probabiliter
2189 846 2501 919 coniecit

183 994 419 1044 nomen
464 980 849 1062 »Κυνόρτιον
893 979 1089 1064 ὄρος”,
1135 972 1262 1045 ubi
1320 978 1668 1043 Ἀπόλλων
1721 977 2075 1053 Μαλεάτας
2121 971 2498 1058 coleretur,

183 1107 393 1168 ortum
449 1121 491 1169 e
543 1095 770 1191 stirpe
815 1128 928 1167 κυν
974 1095 1040 1194 (1.
1096 1122 1155 1170 e.
1209 1097 1377 1196 lux),
1415 1095 1741 1170 indicare
1770 1109 2093 1170 montem
2126 1097 2496 1191 quendam

179 1217 590 1294 luminosum
649 1219 1165 1320 («lichtberg»)
1201 1217 1272 1322 ¹).
1329 1222 1618 1314 Quibus
1676 1222 1770 1294 de
1825 1221 2063 1295 causis
2110 1220 2498 1295 verisimile

179 1343 330 1416 mihi
399 1345 687 1419 videtur
742 1344 1064 1440 priscum
1123 1346 1324 1420 illum
1383 1347 1607 1421 deum
1657 1352 2033 1432 Μαλεάταν,
2081 1346 2206 1441 qui
2272 1371 2499 1442 poma

178 1468 388 1556 aleret,
439 1483 699 1567 postea
753 1469 1058 1544 cessisse
1104 1479 1473 1544 Ἀπόλλωνι
1523 1480 1864 1566 Μαλεάτᾳ,
1912 1472 2054 1544 deo
2093 1471 2331 1557 solari,
2370 1471 2498 1566 qui

177 1592 365 1668 etiam
448 1594 817 1668 caloribus
874 1596 1206 1670 fecundis
1262 1622 1658 1693 pomorum
1717 1599 2120 1671 ubertatem
2179 1610 2498 1692 augeret.

175 1717 282 1790 Ad
356 1719 655 1792 numina
738 1719 959 1817 igitur
1039 1722 1449 1817 pastoricia,
1534 1748 1699 1796 mea
1772 1722 2070 1817 quidem
2126 1721 2497 1807 sententia,

176 1850 493 1918 Ἀπόλλων
542 1851 895 1927 Μαλεάτας
944 1845 1366 1920 referendus
1422 1873 1568 1921 non
1627 1862 1751 1921 est.

267 1969 523 2065 Neque
580 1971 761 2043 alter
798 1970 915 2044 ille
950 1972 1244 2068 Apollo,
1283 1973 1409 2067 qui
1462 1977 1791 2063 Ἀκρείτας
1833 1971 2498 2069 cognominabatur

175 2091 418 2189 quique
474 2121 518 2168 a
574 2095 937 2169 nonnullis
993 2096 1164 2170 viris
1221 2098 1458 2170 doctis
1514 2098 1697 2170 deus
1743 2096 2176 2194 pastoricius
2204 2095 2496 2168 habitus

179 2230 287 2303 est,
362 2245 438 2292 re
519 2246 695 2293 vera
776 2246 1129 2316 umquam
1214 2223 1337 2295 tali
1397 2248 1701 2295 munere
1757 2222 2047 2295 functus
2104 2245 2261 2293 esse
2318 2220 2493 2292 mihi

177 2340 446 2417 Videtur.
523 2347 598 2417 N
605 2371 724 2418 am
784 2345 1083 2419 minime
1138 2372 1306 2420 Cum
1370 2354 1624 2439 ,,κέρας”
1690 2353 1926 2438 ,,κριός”
1991 2352 2288 2438 ,,κάρνος”
2337 2344 2493 2418 eiUS

174 2488 561 2564 cognomen
647 2469 1173 2545 conferendum
1259 2497 1420 2546 esse
1500 2486 1719 2569 puto;
1802 2471 2046 2569 potius
2121 2464 2496 2567 compara-

172 2593 374 2667 verim
422 2621 590 2669 cum
640 2606 1007 2690 ,,ἐπάκριος”
1059 2611 1131 2671 et
1175 2607 1501 2692 ,,ἀκραῖος”
1549 2595 1619 2697 2>.
1677 2598 1918 2690 Quam
1968 2599 2066 2670 ob
2106 2622 2257 2670 rem
2290 2596 2490 2668 illum

171 2741 440 2815 quoque
521 2723 942 2819 Apollinem
1027 2748 1173 2796 non
1257 2725 1479 2797 deum
1565 2724 1934 2818 quendam
2020 2721 2490 2820 pastoricium

170 2836 484 2943 intellego
568 2849 699 2920 sed
783 2849 1025 2936 deum,
1110 2848 1234 2943 qui
1311 2848 1381 2920 in
1464 2848 1646 2921 locis
1730 2848 1943 2922 editis
2016 2847 2346 2920 habitare
2421 2846 2491 2918 in

170 2963 421 3044 deliciis
473 2972 828 3046 habuerit.

258 3094 370 3168 De
422 3098 767 3192 pastorali
827 3098 1047 3195 igitur
1101 3098 1464 3195 Apollinis
1516 3099 1794 3185 officio,
1845 3098 2100 3171 saltem
2133 3109 2491 3191 quatenus

169 3216 248 3287 ad
300 3220 448 3294 eius
506 3222 744 3326 eultus
802 3223 872 3295 in
929 3223 1109 3296 10015
1139 3223 1641 3321 superioribus
1671 3223 1939 3308 attinet,
1969 3235 2094 3294 aut
2120 3246 2492 3318 perpauca

167 3348 440 3434 tantum,
524 3361 650 3419 aut
732 3348 1032 3420 omnino
1090 3348 1264 3420 nihil
1322 3348 1702 3444 cognitum
1768 3348 2162 3433 habemus;
2237 3358 2492 3418 contra

168 3461 289 3538 alia
331 3469 446 3543 dei
494 3498 799 3546 munera
845 3473 1224 3546 clariorem
1274 3473 1343 3544 in
1401 3475 1640 3546 lucem
1699 3473 2081 3569 prodeunt.
2156 3473 2348 3543 Inter
2402 3496 2490 3544 ea

167 3589 567 3701 primarium
656 3589 954 3671 'obtinet
1051 3599 1318 3685 locum,
1394 3600 1597 3694 quod
1678 3596 2002 3694 Apollini
2088 3596 2331 3669 multis
2415 3596 2486 3667 in

168 3716 563 3810 regionibus
594 3723 1066 3796 moderamen
1116 3748 1201 3796 ae
1240 3723 1617 3797 arbitrium
1660 3723 1879 3795 maris
1917 3735 2070 3795 erat
2096 3721 2486 3806 tributum;

231 4001 271 4061 1)
306 4004 374 4055 Η.
413 4007 625 4064 Usener,
666 4008 892 4058 Gottern.
936 4021 1051 4072 207.

229 4089 275 4151 2)
315 4093 391 4143 Cf.
429 4095 483 4144 S.
504 4095 678 4155 Wide,
715 4096 843 4145 Lak.
883 4098 1033 4147 Kult.
1072 4110 1168 4159 91:
1213 4097 1576 4161 „Gewohnlich
1615 4098 1740 4146 wird
1778 4097 1939 4152 dieser
1976 4095 2213 4143 Beiname
2250 4094 2323 4142 als
2363 4096 2484 4153 „der

166 4175 237 4220 auf
267 4179 356 4229 den
394 4183 584 4234 Hohen
622 4185 876 4235 verehrte”
902 4187 1137 4250 gedeutet
1158 4222 1169 4235 .
1196 4225 1208 4237 .
1231 4222 1243 4236 .
1268 4224 1280 4236 .
1318 4188 1434 4236 aber
1454 4203 1568 4236 man
1589 4186 1722 4235 kann
1744 4186 1870 4234 auch
1892 4181 2161 4257 ἀκρείτας
2181 4187 2274 4234 mit
2296 4182 2482 4257 κέρας,

168 4270 322 4338 κρίος,
363 4278 564 4352 mipvas
601 4280 652 4327 in
689 4281 1006 4344 Verbinding
1041 4282 1262 4344 bringen‚
1301 4297 1358 4330 so
1395 4283 1509 4329 dass
1548 4279 1774 4345 Apollon
1811 4276 2083 4353 οἶκρείῑας
2124 4281 2238 4327 dem
2259 4279 2483 4343 Apollon

170 4363 403 4438 κάρνειος
442 4374 700 4424 verwandt
736 4365 917 4425 warel'
