3144 5114
1457 516 1544 586 19

326 718 402 779 ut
479 709 699 782 urbes
781 708 1276 783 nobilissimae
1357 709 1667 782 deorum
1752 709 2008 795 cultuS,
2090 709 2217 805 qui
2272 708 2670 806 antiquitus

329 831 621 908 minime
677 833 763 907 iis
818 834 1096 931 proprii
1153 847 1409 920 essent,
1437 834 1577 907 sibi
1606 833 1977 907 vindicare
2005 836 2395 908 studerent.
2445 835 2671 910 Cuius

330 957 426 1030 rei
480 984 709 1031 unum
742 959 1044 1033 afferam
1076 960 1512 1055 exemplum,
1541 959 1660 1032 cui
1691 954 1780 1037 ei<
1808 959 2113 1057 egregio
2144 960 2372 1033 Widii
2401 958 2452 1058 ¹)
2482 961 2670 1034 libro

326 1082 533 1176 plura
615 1084 790 1157 addi
871 1087 1197 1181 possunt.
1280 1085 1691 1182 Spartiatae
1773 1086 1989 1160 deam
2066 1096 2434 1173 Δικτύνναν,
2481 1112 2673 1183 quae

329 1208 666 1306 alioquin,
721 1222 801 1283 ut
854 1224 1113 1307 postea
1165 1211 1599 1298 videbimu5,
1654 1237 1801 1284 non
1858 1210 1994 1285 nisi
2050 1210 2121 1283 in
2151 1212 2673 1307 promontoriis

330 1334 719 1422 colebatur,
801 1337 896 1409 ad
951 1362 1161 1410 suam
1219 1339 1497 1423 urbem,
1562 1337 1633 1409 in
1691 1336 1993 1434 regiOne
2047 1337 2387 1410 interiore
2441 1337 2675 1426 sitam,

327 1461 861 1548 transtulerunt,
941 1461 1069 1534 ubi
1134 1461 1207 1534 in
1264 1462 1449 1536 colle
1505 1462 1970 1560 Dictynnaeo
2024 1463 2380 1558 templum
2438 1462 2505 1536 ei
2560 1489 2676 1536 ex-

329 1598 744 1659 struxerunt
777 1584 847 1686 2).

435 1711 581 1785 Dei
645 1712 868 1810 igitur
924 1739 1197 1801 omnes,
1254 1713 1381 1811 qui
1439 1713 1626 1787 intra
1681 1714 1973 1788 urbium
2032 1714 2324 1787 moenia
2379 1714 2451 1788 in
2507 1740 2675 1788 arce

331 1837 441 1910 vel
496 1838 569 1909 in
624 1839 791 1911 loco
848 1840 1174 1933 quodam
1230 1839 1608 1936 superiore
1637 1840 2084 1927 colebantur,
2112 1842 2207 1913 ab
2237 1854 2674 1936 argumento

334 1987 496 2036 meo
554 1963 769 2037 alieni
824 1978 1008 2052 sunt,
1068 1965 1205 2038 nisi
1262 1965 1555 2039 aliunde
1613 1966 1952 2039 novimus
2008 1992 2136 2039 eos
2194 1965 2362 2039 ideo
2420 1965 2491 2038 in
2540 1964 2675 2039 illis

331 2086 509 2161 locis
593 2115 754 2163 esse
836 2092 1090 2181 cultos,
1174 2092 1377 2187 quod
1461 2117 1627 2177 non,
1709 2091 1845 2164 nisi
1919 2092 1991 2163 in
2047 2090 2349 2164 excelsis
2402 2091 2679 2186 templa

335 2214 691 2288 collocata
779 2215 1149 2289 haberent.
1231 2218 1341 2289 Ita
1421 2216 1877 2313 intellegitur,
1958 2215 2258 2312 quinam
2341 2215 2413 2287 in
2495 2215 2678 2288 locis

337 2339 544 2413 editis
601 2340 775 2413 culti
831 2342 949 2414 dei
1005 2343 1101 2414 ad
1159 2327 1676 2439 argumentum
1746 2367 1992 2415 meum
2050 2367 2196 2414 non
2253 2341 2677 2437 pertineant.

440 2466 593 2539 Sed
675 2466 771 2538 ad
827 2466 1041 2540 aliam
1100 2467 1243 2539 iam
1299 2466 1635 2540 venimus
1690 2467 2191 2563 quaestionem
2247 2465 2448 2539 haud
2503 2491 2679 2539 sane

339 2590 625 2665 levioris
682 2593 1053 2679 momenti,
1108 2619 1283 2665 num
1342 2593 1542 2689 apud
1601 2595 1929 2667 Graecos
1986 2618 2287 2688 quoque
2340 2592 2680 2687 supersti-

339 2716 570 2805 tionis,
653 2719 749 2791 de
830 2744 978 2814 qua
1058 2744 1282 2814 supra
1362 2718 1588 2791 locuti
1643 2743 1899 2792 sumus
1936 2714 2006 2815 3),
2068 2717 2379 2815 vestigia
2433 2744 2681 2814 super-

339 2842 492 2929 sint,
548 2844 743 2917 illam
828 2845 1017 2930 dice,
1099 2870 1247 2940 qua
1328 2858 1614 2917 montes
1694 2869 1831 2940 pro
1888 2843 2149 2917 fetissis
2203 2843 2682 2916 habebantur.

342 2969 680 3043 Schultze
735 2969 806 3042 in
863 2970 1167 3067 egregio
1224 2969 1346 3042 illo
1393 2969 1601 3055 libro,
1646 2969 1938 3065 saepius
1967 2969 2111 3041 iam
2144 2993 2188 3040 a
2217 2994 2336 3041 me
2363 2968 2682 3053 laudatO,

339 3094 644 3168 aliorum
705 3095 1002 3190 quidem
1041 3096 1487 3191 populorum
1519 3095 1757 3168 cultus
1787 3094 2017 3167 fusius
2046 3106 2323 3179 tractat,
2353 3094 2680 3166 Graecos

339 3233 579 3294 tamen
652 3219 938 3293 silentio
994 3220 1354 3315 praeterit.
1413 3221 1882 3315 Quamquam
1940 3218 2476 3314 quinquaginta
2532 3217 2682 3291 fere

341 3345 542 3419 annis
625 3359 793 3418 ante
849 3371 1017 3418 eum
1079 3347 1190 3417 Fr.
1247 3345 1564 3419 Creuzer
1618 3344 2088 3440 perhibuerat
2142 3356 2337 3415 totos
2397 3356 2682 3416 montes

343 3493 385 3543 a
463 3470 787 3557 Graecis,
869 3470 1324 3566 temporibus
1380 3469 1598 3543 etiam
1655 3468 2035 3554 historiciS,
2088 3492 2337 3541 sacros
2390 3466 2682 3540 habitos

343 3621 513 3669 esse.
571 3597 687 3669 Ex
743 3595 987 3669 Iliadis
1041 3596 1235 3669 enim
1293 3596 1459 3670 loco
1488 3592 1558 3693 4),
1614 3595 1742 3668 ubi
1796 3594 2147 3692 legimus:

612 3762 766 3832 Ζεὺς
813 3757 875 3821 δὲ
927 3758 1170 3839 Θέμιστ’
1219 3756 1479 3821 ἐκέλευσε
1526 3760 1711 3830 θεοὺς
1756 3754 2045 3839 ἀγορήνδε
2093 3753 2376 3817 καλέσσαι

616 3882 835 3961 κρατὸς
882 3876 996 3940 ἄπ’
1050 3875 1410 3959 Οὐλύμποιο
1459 3874 1887 3958 πολυπτύχου·
1930 3901 1980 3937 κ.
2009 3900 2062 3936 τ.
2089 3873 2144 3937 λ.

424 4081 467 4139 1)
502 4080 554 4128 S.
595 4080 769 4128 Wide.
807 4078 935 4127 Lak.
972 4077 1132 4127 Kulte
1174 4087 1273 4141 259
1312 4093 1388 4140 sq.

419 4165 470 4236 2)
507 4169 584 4217 Cf.
624 4170 772 4217 Paus.
811 4170 893 4216 III
940 4180 1016 4228 12,
1058 4167 1107 4216 8.
1148 4168 1255 4214 Liv.
1297 4167 1561 4214 XXXIV
1602 4165 1687 4228 38.

422 4259 470 4319 3)
505 4258 587 4308 Cf.
623 4273 736 4322 pag.
783 4270 863 4322 13.

422 4348 476 4410 4)
512 4348 670 4395 Hom.
710 4348 857 4396 Iliad.
898 4349 1017 4395 XX
1059 4357 1106 4411 5.
