3144 5114
1745 498 1838 567 62

614 732 749 806 pro
815 720 1020 799 μικρὸς
1080 713 1256 791 λίθος
1319 721 1601 782 veteres
1656 707 1883 782 critici
1939 708 2155 782 aliam
2215 708 2622 791 lectionem,
2695 713 2935 779 Μαλέου

614 840 791 916 λίθος
860 832 1344 929 probaverint,
1420 834 1625 929 quod
1699 834 1880 907 haec
1939 835 2171 908 moles
2227 848 2395 908 ante
2449 832 2738 907 Phaesti
2790 855 2939 928 por-

613 973 788 1045 tum,
862 972 943 1032 ut
1016 958 1213 1031 fama
1286 960 1485 1056 apud
1552 958 1936 1056 indigenas
1992 958 2291 1045 ferebat,
2365 985 2410 1032 a
2474 959 2717 1032 Malea
2776 959 2937 1054 Tyr-

612 1083 1007 1157 rhenorum
1082 1084 1633 1180 Pelasgicorum
1691 1085 1882 1158 duce
1937 1097 2302 1158 exstructa
2356 1109 2516 1158 esse
2571 1083 2936 1164 ferebatur,

612 1208 734 1281 vix
802 1208 1111 1282 dubium
1187 1233 1345 1283 esse
1418 1223 1680 1306 potest,
1763 1209 1938 1305 quin
1996 1210 2194 1307 apud
2254 1209 2625 1282 Rhianum
2680 1206 2936 1302 Apollo

615 1333 979 1407 Lithesius
1036 1359 1180 1406 non
1240 1333 1771 1430 intellegendus
1826 1333 1919 1408 sit
1971 1335 2247 1432 Apollo
2305 1341 2663 1425 Μαλεώτης
2716 1332 2786 1404 in
2827 1332 2943 1402 La-

612 1458 888 1540 conica,
961 1458 1094 1531 sed
1168 1448 1291 1531 ille'
1359 1458 1515 1555 ipse
1569 1460 1846 1556 Apollo
1903 1459 2283 1545 Cretensis,
2340 1459 2549 1532 cuius
2604 1457 2940 1552 templum

612 1583 683 1655 in
742 1584 935 1656 mole
991 1581 1110 1655 illa
1167 1584 1453 1657 Maleae
1493 1629 1593 1638 —-
1635 1608 1771 1679 pro
1831 1591 2066 1679 Μαλέᾳ
2113 1583 2306 1656 enim
2367 1589 2603 1654 Μαλέα
2648 1581 2944 1655 scriben-

610 1709 789 1781 dum
866 1733 1035 1780 cum
1115 1709 1434 1781 Lobeck.
1502 1708 1873 1804 Aglaoph.
1918 1733 1988 1805 p.
2027 1714 2172 1802 586
2247 1750 2346 1762 ——-
2425 1720 2592 1780 ante
2664 1721 2940 1803 portum

611 1832 901 1906 Phaesti
959 1832 1430 1906 aedificatum
1488 1834 1699 1906 erat.”

720 1960 897 2031 Non
970 1958 1207 2031 solum
1285 1971 1526 2032 autem
1605 1958 1803 2031 iuxta
1859 1983 2025 2031 oras
2083 1957 2499 2043 maritimaS,
2554 1958 2685 2030 sed
2742 1955 2940 2029 etiarn

609 2084 680 2156 in
746 2083 1207 2156 interioribus
1280 2082 1636 2158 Graeciae
1711 2081 2134 2180 regionibus
2192 2096 2476 2155 montes
2532 2083 2627 2155 ad
2684 2080 2940 2156 cultum

611 2207 972 2304 Apollinis
1029 2233 1249 2302 quam
1310 2207 1624 2281 maxime
1680 2222 1892 2305 aptos
1932 2208 2194 2282 ductos
2232 2232 2409 2294 esse,
2447 2207 2776 2304 pluribus
2811 2205 2940 2277 iam

610 2334 900 2406 docebo
958 2331 1328 2429 exemplis.

714 2459 840 2530 Ab
911 2456 1203 2530 Atticae
1281 2472 1526 2531 monte
1600 2459 1838 2531 Parne
1905 2468 2263 2552 Παρνησίου
2325 2480 2595 2530 nomen
2671 2456 2737 2529 ei
2803 2466 2942 2562 erat

613 2583 921 2657 inditum
1004 2579 1072 2683 1>.
1173 2595 1505 2676 Λυκωρεύς
1576 2583 1729 2657 Sive
1801 2593 2148 2675 Λυκώρειος
2220 2582 2828 2655 denominabatul‘
2904 2604 2944 2651 a

611 2719 954 2800 Amuhqmae,
1020 2707 1144 2803 qui
1201 2733 1439 2805 pagus
1495 2707 1566 2780 in
1624 2733 1915 2783 summo
1972 2710 2333 2781 Parnasso
2382 2721 2537 2780 erat
2572 2707 2770 2781 situS.
2809 2704 2942 2777 Hic

611 2833 830 2905 aedes
885 2847 1039 2906 erat
1095 2833 1542 2930 perantiqua,
1583 2860 1802 2928 quam
1846 2833 2254 2906 Deucalion
2312 2831 2731 2907 condidisse
2769 2830 2944 2903 dice-

609 2958 840 3030 batur.
914 2959 1142 3030 Fama
1215 2956 1407 3030 enim
1484 2958 1779 3044 ferebat,
1854 2958 2048 3044 olim,
2122 2984 2291 3031 cum
2358 2968 2511 3040 Ζεύς
2585 2957 2655 3029 in
2722 2971 2941 3030 totum

608 3106 842 3177 genus
896 3083 1296 3154 humanum
1344 3083 1666 3178 graviter
1730 3083 1953 3156 iratus
2018 3084 2274 3156 orbem
2337 3096 2690 3156 terrarum
2750 3079 2944 3175 aquis

609 3207 1114 3293 submersissit,
1188 3206 1719 3280 Deucalionem
1786 3233 1971 3281 nave
2044 3208 2115 3280 in
2190 3207 2527 3280 Parnassi
2612 3206 2942 3280 verticem

610 3332 1016 3428 appulsum,
1097 3332 1217 3404 vix
1298 3333 1604 3406 salutem
1691 3332 2145 3428 expedivisse
2225 3332 2512 3427 ibique„
2574 3346 2654 3405 ut
2708 3329 2945 3403 debita

609 3469 781 3529 vota
825 3470 1351 3552 exsequeretur,
1390 3459 1646 3530 urbem
1688 3457 2104 3531 condidisse
2141 3471 2213 3530 et
2248 3482 2458 3532 sacra
2495 3457 2566 3529 in
2596 3458 2941 3531 honorem

610 3593 753 3662 Διὸς
842 3591 1196 3671 Λυκωρειόυ
1282 3581 1672 3655 instituiSSe
1752 3580 1821 3678 ²).
1907 3580 2050 3674 QUI
2135 3595 2379 3655 autem
2477 3591 2621 3663 Διός
2720 3580 2944 3653 Cultus

609 3703 1132 3800 posterioribus
1242 3706 1695 3802 temporibus
1806 3733 2104 3803 prorsus
2205 3705 2587 3780 evanuisse
2667 3705 2944 3778 videtur

607 3843 825 3924 atque
907 3829 1208 3902 cessisse
1278 3831 1642 3938 Apollinis
1715 3831 2181 3919 venerationi,
2247 3831 2365 3905 cui
2423 3830 2587 3917 de0,
2642 3844 2724 3903 ut
2777 3827 2939 3903 satis

686 4136 703 4170 1
768 4123 824 4171 C.
864 4123 907 4172 Ι.
946 4127 1013 4171 Α.
1052 4123 1107 4170 Π
1145 4120 1213 4170 60
1253 4158 1263 4171 .

682 4125 730 4273 ὶζ
768 4212 845 4259 Cf.
886 4211 1010 4261 Call.
1048 4212 1121 4260 H.
1162 4135 1299 4271 239.
1355 4211 1520 4262 Schol.
1557 4211 1729 4278 Apoll.
1774 4211 1967 4272 Rhod.‚
2004 4215 2132 4276 Arg.
2169 4211 2225 4261 ΙΙ
2268 4223 2419 4276 1147,
2478 4213 2558 4261 IV
2587 4225 2735 4276 1490.
2774 4206 2937 4274 steph.

608 4299 729 4364 Byz.
784 4316 822 4347 s.
861 4318 909 4350 v.
955 4298 1274 4372 Λυκώρεια,
1314 4302 1507 4366 Apoll„
1545 4303 1678 4351 Bibl.
1718 4303 1744 4351 I
1784 4313 1883 4362 7,2.
1922 4304 2072 4353 PauS.
2114 4305 2173 4352 X
2212 4303 2316 4362 6,2.
2355 4301 2696 4351 Schol.Pind.
2735 4298 2823 4349 IX
2860 4310 2938 4360 70.

604 4392 827 4451 Lucian„
866 4394 996 4443 Tim.
1037 4409 1085 4458 3.
1122 4397 1305 4444 Marm.
1344 4397 1459 4444 Par.
1498 4411 1530 4459 4
1571 4411 1683 4460 sqq.
