3144 5114
1501 1126 1845 1200 CAPUT
1902 1126 1951 1196 Ι.

602 1370 743 1437 -.De
793 1369 1100 1437 deorum
1151 1367 1390 1435 cultus
1436 1367 1509 1432 in
1559 1365 1775 1432 editis
1824 1365 2011 1432 locis
2061 1365 2373 1445 ratione,
2427 1365 2802 1432 variorum

1082 1483 1527 1567 populorum
1579 1481 1930 1564 exemplis
1980 1481 2361 1548 illustrata.

1507 1736 1933 1743 --.--

653 1945 881 2041 Apud
937 1943 1254 2041 populos
1312 1967 1481 2014 cum
1549 1940 1932 2014 orientales
1988 1955 2144 2013 tum
2204 1940 2692 2013 occidentales
2746 1954 2863 2013 tan

545 2086 701 2144 tum
758 2096 905 2143 non
963 2094 1236 2155 omneS,
1290 2067 1454 2140 loca
1508 2067 1793 2140 excelsa
1846 2066 2269 2162 saepissime
2324 2080 2495 2162 apta
2548 2067 2704 2140 visa
2729 2078 2892 2139 sunt
2950 2089 2955 2095 ·

546 2196 986 2283 hominibus,
1087 2194 1213 2267 ubi
1297 2193 1659 2266 sacrificia
1741 2192 2062 2265 facerent
2134 2191 2300 2300 diis..
2365 2193 2638 2265 Verum
2712 2192 2889 2264 haec

547 2335 746 2394 tanta
819 2321 1147 2394 cultuum
1225 2318 1617 2392 multitudo
1691 2331 1763 2390 et
1827 2317 2135 2391 varietas
2210 2317 2443 2390 maior
2490 2331 2616 2403 est,
2671 2341 2888 2412 quam

549 2472 738 2543 quae
811 2444 1323 2542 disputationis
1408 2469 1616 2517 meae
1681 2442 1960 2516 ambitu
2018 2457 2186 2538 apte
2242 2441 2592 2515 contineri
2648 2440 2892 2539 possit.

548 2575 937 2646 Praeterea
989 2585 1398 2645 ceterorum
1436 2569 1905 2666 populorum,
1942 2568 2261 2664 exceptis
2291 2567 2594 2643 Graecis
2626 2570 2892 2641 Roma-

549 2697 826 2793 nisque,
907 2697 1058 2770 fere
1141 2696 1470 2769 omnium
1557 2695 1795 2789 cultus
1851 2708 1936 2784 et*
2005 2693 2255 2790 mythi,
2320 2693 2445 2790 qui
2526 2693 2671 2766 huc
2738 2718 2928 2800 per-¹

546 2822 790 2910 tinent,
883 2824 978 2895 ab
1071 2820 1226 2895 aliis
1310 2820 1454 2893 iam
1540 2820 1700 2893 fuse
1782 2819 2199 2915 pertractati
2280 2832 2467 2904 sunt,
2549 2818 2895 2915 quocirca

547 2947 803 3043 paucis
858 2961 1138 3020 tantum
1198 2947 1292 3020 ad
1349 2946 1637 3018 illorum
1695 2945 1938 3019 studia
1993 2946 2358 3042 delegabo
2387 2944 2715 3018 lectores.
2772 2946 2891 3017 De

550 3073 906 3145 Romanis
979 3072 1280 3145 strictim
1348 3071 1669 3166 quidem,
1724 3071 1856 3144 sed
1897 3083 2154 3163 ‘tamen
2210 3069 2433 3166 paulo
2489 3069 2895 3143 accuratius

549 3223 771 3294 quam
856 3198 951 3270 de
1033 3197 1290 3270 ceteris
1372 3196 1666 3293 populis
1749 3221 1988 3292 agam,
2062 3196 2410 3291 quoniam
2478 3222 2522 3268 a
2576 3194 2896 3279 GraeciS,

548 3348 863 3419 quorum
947 3323 1019 3395 in
1101 3322 1735 3419 superstitionibus
1817 3321 2213 3417 disputatio
2288 3347 2454 3394 mea
2505 3320 2896 3417 praecipue

549 3448 970 3534 versabitur,
1026 3446 1145 3522 vix
1199 3448 1575 3545 segregari
1634 3460 1957 3544 possunt.

661 3574 979 3646 Romani
1035 3574 1273 3670 igitur,
1329 3587 1410 3646 ut
1448 3575 1542 3646 ab
1597 3572 1711 3646 his
1741 3571 2038 3644 initium'
2056 3571 2339 3657 faciam,
2367 3571 2536 3645 licet
2564 3586 2898 3645 montuo-

548 3724 704 3772 sam
762 3698 1173 3771 habitarent
1227 3712 1513 3784 terram,
1569 3697 1957 3793 perpaucis
2012 3711 2292 3770 tantum
2352 3696 2424 3769 in
2480 3696 2661 3770 locis
2689 3723 2896 3793 supe-

551 3823 865 3896 rioribus
922 3824 1102 3895 deos
1160 3822 1514 3895 colebant.
1585 3821 1740 3894 Iovi
1773 3821 2042 3894 Latiari
2080 3822 2233 3895 sive
2274 3821 2532 3894 Latiali
2571 3825 2899 3896 exstabat

552 3948 788 4021 cultus
863 3961 1322 4043 pervetustus
1379 3947 1450 4018 in
1509 3960 1759 4019 monte
1813 3947 2128 4034 AlbanO,
2184 3946 2311 4020 ubi
2365 3972 2575 4019 sacra
2622 3947 2897 4021 fiebant

549 4072 948 4146 sollemnia.
986 4069 1036 4172 1)
1117 4072 1326 4144 Livio
1383 4085 1684 4145 auctore
1743 4072 2015 4167 Iupiter
2083 4071 2391 4145 Latiaris
2448 4072 2621 4144 olim
2680 4073 2895 4147 variis

555 4198 917 4295 prodigiis
993 4223 1081 4270 ex
1156 4196 1276 4269 illo
1354 4211 1601 4270 monte
1657 4197 1912 4284 missis,
1970 4198 2252 4270 monuit
2308 4200 2709 4284 Romanos,
2774 4211 2897 4271 «ut

626 4387 670 4445 Ι)
708 4387 786 4434 Cf.
825 4386 1013 4434 Lucan.
1052 4383 1228 4433 Phars.
1268 4385 1292 4431 1
1340 4384 1453 4444 198.
1495 4386 1598 4448 „Et
1633 4384 1854 4433 residens
1894 4384 2024 4433 celsa
2060 4385 2265 4433 Latialis
2307 4385 2532 4449 Iuppiter
2569 4384 2755 4433 Alba.''
