3144 5114
1704 508 1789 577 14

568 700 935 773 immerito
1020 702 1108 774 G.
1189 702 1280 772 A.
1363 699 1654 773 Wilken
1731 700 2146 775 observavit
2219 702 2370 774 duo
2445 702 2569 775 illa
2638 728 2912 800 genera

570 840 854 899 montes
910 825 1197 898 colendi
1253 825 1545 898 vinculo
1604 826 1929 921 quodam
1987 825 2171 900 inter
2224 852 2386 900 sese
2425 828 2819 901 cohaerere
2843 824 2912 927 ¹).

571 953 684 1024 Re
748 976 920 1024 vera
1000 950 1295 1046 saepius
1378 950 1476 1023 ita
1532 950 1979 1038 coaluerunt,
2035 965 2116 1024 ut
2171 952 2477 1026 alterum
2534 955 2629 1026 ab
2687 954 2910 1026 altero

567 1078 756 1149 bene
837 1075 1150 1149 discerni
1224 1089 1555 1172 nequeat.
1633 1077 1741 1149 Ita
1822 1102 2154 1151 summus
2211 1077 2686 1175 mythologus
2740 1080 2913 1152 Ger-

568 1201 898 1276 manicus
946 1204 1005 1295 J.
1063 1201 1351 1275 Grimm
1409 1227 1546 1297 pro
1605 1215 1806 1275 certo
1864 1202 2269 1276 diiudicare
2324 1228 2471 1275 non
2529 1228 2753 1277 ausus
2790 1216 2913 1289 est,

568 1340 811 1399 utrum
878 1327 1078 1428 apud
1144 1328 1557 1400 Germanos
1616 1341 1900 1400 montes
1956 1327 2093 1423 ipsi
2149 1327 2358 1424 quasi
2417 1327 2664 1402 fetissa
2708 1354 2916 1402 vene-

568 1452 827 1524 rationi
911 1465 1169 1539 essent,
1249 1478 1341 1525 an
1425 1451 1594 1524 ideo
1649 1466 1932 1525 tantum
1988 1452 2176 1525 sacri
2230 1453 2690 1541 haberentur,
2747 1454 2918 1550 quia

567 1577 638 1649 in
697 1603 953 1651 eorum
1017 1577 1409 1651 verticibus
1466 1578 1567 1650 dii
1625 1579 1993 1677 (Wuotan,
2051 1579 2333 1678 Donar)
2390 1581 2660 1654 morari
2714 1595 2917 1677 puta-

568 1716 833 1775 rentur.
908 1705 1120 1776 Haec
1176 1703 1368 1776 enim
1426 1703 1583 1777 eius
1645 1717 1815 1777 sunt
1870 1706 2094 1777 verba
2130 1702 2208 1802 ²):
2283 1705 2627 1803 «Heilige
2690 1707 2918 1803 berge

570 1829 721 1900 und
767 1828 991 1925 hugel
1063 1830 1214 1924 gab
1270 1854 1348 1901 es
1405 1827 1476 1900 in
1536 1854 1838 1925 menge;
1894 1829 2089 1902 doch
2145 1830 2425 1903 scheint
2481 1831 2698 1905 dabei
2754 1831 2918 1904 kein

571 1953 1203 2027 elementarischer
1232 1954 1470 2027 cultus
1498 1980 1591 2028 zu
1619 1954 1912 2028 walten:
1971 1980 2140 2028 man
2171 1955 2503 2047 verehrte
2531 1956 2637 2030 sie
2663 1982 2916 2054 wegen

568 2079 699 2151 der
778 2078 1110 2175 gottheit,
1209 2078 1329 2151 die
1412 2079 1674 2152 darauf
1747 2079 1949 2154 ihren
2005 2080 2138 2154 sitz
2193 2081 2409 2154 hatte.
2500 2057 2744 2156 Wenn
2799 2081 2918 2155 bei

567 2204 947 2300 Agathias,
1032 2204 1224 2276 ohne
1305 2203 1602 2278 solchen
1700 2207 1964 2303 bezug,
2039 2213 2214 2296 λόφοι
2261 2208 2416 2280 1111(1
2463 2217 2767 2299 φάραγγες
2814 2208 2917 2280 615

568 2329 1073 2425 gegenstande
1156 2330 1286 2402 des
1362 2329 1600 2404 cultus
1673 2345 1998 2427 genannt
2053 2332 2362 2418 werden,
2417 2357 2501 2405 so
2548 2333 2742 2406 kann
2800 2333 2919 2405 die

569 2455 1094 2551 beobachtung
1147 2454 1684 2552 unvolst'andig‚
1740 2457 1892 2529 und
1948 2456 2063 2530 ein
2119 2482 2409 2530 wasser·
2466 2457 2647 2530 oder
2692 2457 2921 2531 seuer-

571 2580 807 2654 cultus
864 2607 955 2653 an
1015 2581 1158 2653 den
1206 2582 1393 2677 berg
1446 2582 1807 2679 geknfipft
1860 2608 2195 2679 gewesen
2251 2583 2424 2656 sein.
2485 2585 2722 2657 Unter
2778 2585 2920 2656 den

573 2705 867 2778 Gothen
944 2705 1143 2778 durft
1200 2731 1369 2778 man
1428 2732 1545 2780 am
1606 2722 1842 2781 ersten
1901 2708 2098 2781 reine
2152 2708 2757 2806 bergverehrung
2812 2734 2925 2782 su-

573 2830 795 2903 chen..
864 2830 1201 2903 Dietmar
1283 2857 1427 2903 von
1514 2834 1956 2930 Merseburg
2028 2832 2191 2930 gibt
2246 2833 2361 2906 ein
2416 2833 2722 2930 beispiel
2780 2859 2924 2907 von

571 2955 1022 3028 Slavischem
1106 2955 1575 3053 bergcultus:
1631 2958 1872 3053 posita
1945 2972 2190 3031 autem
2268 2973 2376 3032 est
2429 2959 2610 3032 haec
2669 2959 2923 3032 civitas

571 3079 911 3177 (namlich
989 3082 1062 3152 N
1069 3080 1276 3167 emzi,
1352 3081 1772 3182 Nimptsch)
1848 3084 1919 3155 in
1976 3109 2176 3180 pago
2233 3083 2494 3169 silensi,
2548 3084 2918 3157 vocabulo

569 3204 712 3276 1106
796 3231 840 3277 6
922 3206 1248 3299 quodam
1335 3220 1600 3294 monte,
1657 3207 1870 3281 nimis
1928 3208 2215 3282 excelso
2274 3222 2345 3281 et
2396 3209 2680 3306 grandi,
2741 3209 2917 3282 olim

478 3306 481 3309 Α
567 3328 708 3401 sibi
765 3329 1032 3402 indito:
1090 3344 1161 3403 et
1215 3330 1334 3403 1116
1395 3333 1493 3404 ob
1550 3331 1973 3427 qualitatem
2022 3359 2232 3406 suam
2301 3347 2373 3406 et
2428 3333 2912 3429 quantitatem

572 3479 740 3526 611111
826 3456 1269 3528 exsecranda
1347 3457 1713 3553 gentilitas
1797 3458 1896 3530 ibi
1970 3473 2453 3544 veneraretur,
2509 3461 2604 3532 ab
2661 3458 2920 3532 11160115

571 3579 911 3651 omnibus
968 3578 1181 3652 nimis
1234 3578 1795 3653 honorabatur.»

677 3703 844 3795 Qua
920 3703 1200 3776 ratione
1264 3718 1507 3777 autem
1566 3707 1717 3777 duo
1775 3706 1960 3778 11666
2017 3707 2348 3779 611111111111
2395 3733 2688 3805 genera,
2746 3734 2927 3805 quo-

572 3852 732 3900 rum
790 3828 1095 3901 alterum
1154 3829 1249 3900 ad
1307 3828 1798 3918 fetissismum,
1838 3831 2144 3904 alterum
2177 3834 2271 3905 ad
2302 3832 2579 3907 cultum
2609 3814 2925 3908 deorum

572 3953 642 4024 in
700 3953 910 4027 editis
966 3953 1146 4026 10615
1201 3953 1528 4049 pertinet,
1586 3955 1771 4028 inter
1824 3982 1903 4029 56
1960 3981 2145 4030 nexa
2200 3972 2272 4030 et
2328 3959 2720 4032 coniuncta
2764 3960 2928 4048 sint,

570 4077 707 4150 1166
782 4061 876 4151 (16
950 4104 1028 4151 re
1101 4078 1171 4149 in
1228 4080 1560 4175 sequenti
1647 4081 1885 4176 capite
1960 4081 2193 4157 fusius
2253 4083 2666 4179 disputabo.
2750 4086 2927 4158 Hoc

649 4294 692 4354 1)
730 4292 793 4342 G.
829 4295 896 4341 A.
935 4292 1160 4352 Wilken,
1200 4295 1309 4342 I-let
1345 4295 1606 4342 animisme
1642 4295 1708 4358 bij
1749 4296 1813 4343 de
1852 4295 2034 4345 volken
2071 4312 2118 4344 v.
2158 4297 2209 4346 d.
2246 4298 2360 4346 Ind.
2399 4297 2590 4364 archip.
2627 4314 2680 4362 p.
2726 4311 2847 4362 139.

645 4379 701 4446 2)
730 4381 780 4444 J.
821 4381 1013 4430 Grimm
1052 4382 1308 4433 Deutsche
1345 4382 1514 4448 Myth.
1537 4384 1559 4416 4
1598 4400 1648 4448 p.
1695 4383 1814 4448 536.
