3144 5114
1759 515 1852 602 76

631 724 991 798 Helicone
1064 726 1665 822 cognominatum
1733 752 1819 799 ac
1878 727 2044 800 inde
2100 727 2171 798 in
2230 728 2487 801 Asiam
2545 729 2960 802 translatum

630 876 789 923 esse
871 877 915 923 a
996 851 1232 937 Ioniis,
1314 851 1438 946 qui
1520 851 1701 924 alios
1784 877 2084 947 quoque
2140 854 2557 950 complures
2623 856 2859 928 cultus
2926 881 2965 928 e

631 974 937 1048 Boeotia
997 1000 1248 1049 secum
1331 976 1781 1049 traduxerint
1835 978 1986 1051 veri
2042 977 2244 1051 ducit
2298 977 2768 1053 simillimum.
2848 981 2964 1052 At-

629 1114 873 1173 tamen
957 1102 1050 1174 de
1114 1101 1257 1174 hoc
1327 1108 1709 1183 Ποσειδῶνος
1757 1102 1956 1175 cultu
2016 1103 2366 1177 Boeotico
2425 1105 2726 1177 omnino
2783 1105 2966 1177 nulla

631 1238 912 1299 exstant
991 1226 1417 1312 testimonia,
1500 1227 1634 1300 nisi
1715 1227 2142 1301 Aristarcho
2214 1243 2513 1303 auctore
2587 1230 2965 1303 credamus

632 1350 873 1449 (Arist.
929 1353 1023 1424 ad
1088 1352 1162 1423 Il.
1217 1364 1269 1422 Y
1316 1352 1517 1450 404),
1565 1358 1946 1439 Ποσειδῶνα,
1992 1355 2117 1449 qui
2174 1354 2244 1426 in
2302 1355 2622 1428 carmine
2677 1355 2963 1428 heroico

629 1481 994 1556 Εελικώνιος
1034 1483 1230 1556 ἔάναξ
1275 1490 1579 1550 vocetur
1607 1476 1691 1575 (T
1736 1479 1938 1577 404),
1968 1478 2533 1576 intellegendum
2564 1505 2725 1553 esse
2753 1481 2962 1553 deum

630 1598 701 1671 in
761 1601 1106 1674 Boeotiae
1163 1615 1409 1674 monte
1467 1601 1827 1676 Helicone
1882 1604 2175 1676 cultum.
2247 1605 2674 1678 Aristarcho
2731 1618 2962 1678 autem

632 1751 723 1798 ne
797 1725 1342 1822 adstipulemur‚
1416 1741 1716 1800 monent
1790 1728 1907 1801 alii
1966 1730 2277 1803 Homeri
2332 1755 2603 1817 versuS‚
2659 1730 2785 1803 ubi
2838 1732 2965 1802 Po-

629 1851 883 1923 seidon
939 1850 1283 1924 Achaeae
1338 1852 1536 1925 urbis
1595 1852 1901 1927 Helicae
1955 1854 2378 1950 praesidens
2445 1878 2964 1928 commemora-

629 1989 746 2048 tur
787 1971 854 2073 ¹).
927 1976 1427 2068 Quamobrem
1513 1977 1863 2051 maiorem
1947 1978 2170 2052 fidem
2230 1979 2634 2053 Pausaniae
2680 1981 2964 2055 Strabo-

631 2101 889 2195 nisque
943 2086 1339 2175 sententiae
1394 2103 1856 2176 tribuendam
1898 2129 2057 2177 esse
2085 2129 2368 2193 cense0‚
2397 2131 2620 2198 quam
2663 2102 2961 2200 Gruppii

632 2226 1218 2321 interpretationi.
2147 2241 2154 2249 '

740 2351 889 2423 Sed
971 2351 1153 2424 haec
1237 2352 1330 2424 de
1405 2360 1765 2426 Ποσειδῶνι.
1839 2354 2312 2428 Pervenimus
2386 2355 2530 2428 iam
2589 2356 2685 2429 ad
2742 2356 2963 2438 deam,

632 2475 839 2548 cuius
922 2476 1158 2550 cultus
1224 2476 1294 2549 in
1369 2476 1549 2551 locis
1618 2478 1829 2551 editis
1885 2479 2144 2551 ultimo
2200 2479 2367 2552 loco
2424 2479 2963 2577 pertractandos

635 2600 809 2673 mihi
865 2603 1162 2698 sumpsi,
1210 2611 1511 2694 Ἀθηνᾶν
1558 2602 1748 2676 dico

1272 2935 1397 3005 DE
1442 2940 1717 3024 Αθηνᾶς
1764 2959 2329 3009 VENERATIONE.

736 3276 1288 3345 Innumerarum
1345 3273 1637 3346 urbium
1689 3298 1983 3368 praeses
2029 3274 2439 3347 habebatur
2490 3283 2775 3366 Ἀθηνᾶ,
2802 3297 2963 3370 quo-

629 3399 824 3471 circa
877 3397 1238 3470 Aristides
1265 3394 1334 3495 2),
1406 3397 1527 3470 vix
1601 3397 1976 3471 veritatem
2055 3423 2413 3494 egreSSUS,
2488 3400 2583 3472 de
2657 3424 2746 3472 ea
2797 3398 2962 3471 haec

632 3522 1041 3621 praedicat:
1086 3534 1229 3594 εἰσὶν
1275 3534 1338 3592 αἱ
1386 3530 1592 3621 πόλεις
1630 3530 1794 3614 δῶρα
1837 3532 2132 3614 Ἀθηνᾶς
2157 3580 2351 3594 .....
2399 3530 2743 3615 Πολιοῦχος
2782 3528 2963 3593 ἅπασι

633 3654 915 3737 κέκληται
963 3660 1034 3718 et
1081 3645 1222 3717 alio
1251 3646 1418 3718 lOCO
1443 3672 1456 3718 ζ
1484 3653 1744 3719 Πόλεων
1772 3654 1832 3718 δὲ
1860 3649 2077 3719 πασῶν
2104 3658 2215 3727 τὰς
2238 3657 2504 3738 κορυφὰς
2525 3650 2638 3737 ’ἔχει
2664 3649 2961 3737 (Ἀθηνᾶ)

633 3782 793 3841 κατὰ
820 3780 1054 3862 κράτος.
1091 3771 1292 3861 Quas
1323 3770 1623 3864 quidem
1654 3773 1873 3844 urbes
1904 3796 2158 3843 omnes
2189 3794 2618 3843 enumerare
2650 3795 2694 3842 a
2720 3790 2964 3864 propo-

633 3894 773 3967 sito
807 3920 972 3966 meo
1005 3894 1318 3966 alienum
1350 3910 1459 3967 est
1473 3894 1572 3994 ·3);
1603 3896 1745 3968 hoc
1775 3896 1942 3968 loco
1972 3909 2253 3967 tantum
2285 3894 2360 3967 id
2390 3920 2617 3973 unum
2651 3896 2966 3967 observa-

711 4120 760 4181 1)
798 4119 884 4167 Cf.
923 4119 1067 4166 Iliad.
1112 4120 1159 4170 Θ
1200 4129 1302 4164 200
1340 4133 1380 4163 e.
1403 4133 1452 4180 q.
1474 4134 1512 4164 s.
1554 4127 1602 4164 et
1640 4118 1834 4166 Iliad.B
1876 4127 1997 4180 575.

704 4220 752 4272 2)
791 4214 1003 4262 Aristid.
1043 4212 1162 4261 Vol.
1204 4213 1230 4259 I
1266 4228 1316 4275 p.
1364 4222 1421 4272 17
1463 4220 1513 4260 et
1548 4228 1600 4275 p.
1649 4223 1706 4274 15
1749 4207 1975 4277 (Dind.).

704 4304 753 4364 3)
791 4303 846 4350 Si
899 4303 1011 4365 quis
1064 4303 1233 4350 omnia
1283 4310 1504 4350 veterum
1544 4301 1844 4357 testimonia,
1885 4316 2010 4364 quae
2048 4298 2146 4348 huc
2183 4301 2449 4364 pertinent,
2489 4313 2789 4362 cognoscere
2834 4296 2969 4360 cupit,

635 4383 870 4455 inspiciat
904 4391 1083 4438 librum
1121 4392 1212 4438 viri
1251 4391 1385 4439 docti
1423 4392 1484 4438 L.
1527 4391 1595 4437 R.
1635 4389 1849 4447 Farnell,
1892 4389 1951 4439 C.
1973 4389 2128 4465 OgGre
2157 4390 2230 4438 St.
2269 4390 2309 4444 Ι,
2339 4400 2638 4452 293-302.
2679 4402 2775 4453 391
2808 4402 2852 4438 e.
2870 4401 2917 4450 q.
2935 4398 2970 4431 s·
