3144 5114
1363 510 1456 579 35

261 704 581 790 redolere,
662 728 832 776 cum
915 726 1209 776 summo
1294 700 1364 774 in
1450 714 1700 775 monte
1781 702 2080 777 Pelione
2160 705 2344 778 deus
2426 731 2585 780 nes-

242 827 357 901 -cio
437 828 600 925 quis
681 830 822 901 sub
906 826 1237 900 animalis
1310 826 1556 924 specie
1612 827 2059 901 venerationi
2115 843 2321 903 esset.
2378 832 2580 903 Nam

263 978 357 1026 res
436 967 543 1028 est
624 952 1005 1026 notissima
1087 951 1260 1024 olim
1345 953 1784 1039 sacerdoteS,
1867 953 1993 1049 qui
2077 953 2150 1026 in
2225 954 2583 1029 honorem

261 1078 401 1151 talis
481 1078 599 1152 dei
681 1077 1042 1152 sacrificia
1132 1077 1470 1179 facerent,
1579 1104 1801 1176 saepe
1883 1079 2305 1153 animalium
2389 1081 2587 1177 pelli-

263 1204 384 1277 bus
446 1230 604 1278 sese
669 1203 967 1277 amicire
1021 1203 1275 1276 solitos
1340 1202 1562 1276 fuisse
1600 1200 1669 1303 ¹).
1743 1206 2010 1278 Postea
2084 1217 2349 1292 autem,
2415 1231 2585 1278 cum

262 1339 394 1409 Ζεὺς
440 1337 732 1420 Ἀκραῖος
777 1327 1362 1423 antiquissimum
1422 1328 1623 1401 illum
1682 1329 1903 1402 deum
1937 1330 2173 1428 magis
2204 1330 2589 1428 magisque

261 1449 408 1526 loco
489 1479 625 1528 suo
710 1454 1124 1552 depelleret,
1188 1455 1410 1526 ambo
1467 1454 1708 1527 cultus
1765 1455 1864 1527 ita
1919 1454 2103 1528 inter
2155 1481 2236 1529 se
2292 1455 2589 1529 conflati

261 1592 427 1665 sunt,
499 1592 579 1652 ut
652 1579 772 1651 vix
844 1579 1024 1652 alter
1078 1580 1174 1652 ab
1231 1579 1458 1652 altero
1516 1578 1868 1677 distingui
1925 1593 2190 1677 posset.
2251 1580 2478 1674 Quod
2526 1580 2613 1654 si'

262 1726 496 1776 verum
554 1717 680 1791 est,
735 1706 1041 1778 alterum
1100 1704 1246 1777 iam
1302 1702 1422 1777 hic
1477 1704 1837 1778 habemus
1893 1705 2310 1802 exemplum
2368 1705 2488 1780 dei
2517 1706 2589 1778 in

261 1826 410 1902 loco
465 1830 664 1903 edito
721 1829 915 1916 culti,
970 1829 1175 1925 quod
1213 1854 1384 1902 cum
1435 1841 1579 1911 Διὸς
1620 1839 1907 1902 Λυκαίου
1953 1830 2420 1905 veneratione
2466 1856 2592 1927 op-

264 1951 422 2028 time
475 1955 888 2052 comparari
946 1967 1205 2052 potest.

357 2081 502 2154 Sed
557 2081 702 2154 iam
760 2082 856 2153 ab
909 2081 1053 2154 hoc
1110 2081 1309 2153 cultu
1365 2078 1461 2152 ad
1520 2079 1703 2153 alios
1758 2092 2230 2168 transeamuS,
2267 2081 2392 2176 qui
2421 2081 2593 2154 huic

265 2205 559 2297 proximi
642 2205 1022 2279 accedunt.
1105 2204 1355 2278 Primo
1438 2204 1605 2277 loco
1688 2205 2179 2279 nominandus
2263 2218 2373 2280 est
2444 2218 2596 2286 Ζεὺς

264 2338 632 2421 Ἰθωμάτας,
697 2330 822 2427 qui
897 2330 970 2403 in
1036 2330 1447 2404 Messeniae
1503 2346 1752 2405 monte
1808 2332 2093 2405 Ithome
2150 2329 2594 2406 venerationi

263 2469 420 2528 erat.
501 2457 774 2530 Mirum
860 2457 1053 2530 enim
1119 2457 1192 2529 in
1249 2457 1555 2529 modum
1609 2468 1751 2539 Διὸς
1797 2468 2084 2530 Λυκαίου
2131 2458 2367 2531 cultus
2423 2481 2593 2530 cum

260 2577 391 2654 hoc
473 2581 833 2680 congruit.
916 2585 1252 2678 Uterque
1334 2583 1517 2656 deus
1602 2582 1674 2654 in
1760 2598 2009 2657 monte
2072 2584 2451 2657 colebatur
2505 2594 2648 2667 et..

262 2705 770 2802 antiquissimis
833 2709 1088 2781 saltem
1156 2707 1631 2805 temporibUS,
1687 2708 1964 2781 nullum
2033 2709 2388 2805 templum
2447 2708 2598 2780 nul-

259 2827 544 2927 lamque
595 2845 913 2906 statuam
969 2833 1306 2920 habebat,
1362 2858 1552 2928 quae
1601 2858 1715 2906 res
1751 2859 2118 2907 summam
2156 2833 2421 2907 horum
2453 2833 2599 2905 cul-

258 2965 459 3029 tuum
514 2971 946 3032 vetustatem
1004 2972 1308 3032 testatur
1342 2954 1412 3055 2),
1468 2957 1848 3054 utriusque
1902 2958 1976 3031 in
2030 2958 2387 3031 honorem
2443 2957 2598 3030 ludi

261 3079 657 3156 edebantur
694 3082 766 3181 3),
815 3091 924 3175 (τὰ
969 3093 1225 3155 Λύκαια
1272 3082 1344 3154 in
1400 3082 1759 3156 honorem
1813 3103 1927 3154 του
1974 3092 2261 3154 Λυκαίου
2310 3091 2471 3167 Διός,
2519 3093 2600 3151 τὰ

260 3208 568 3296 Ἰθωμαῖα
614 3207 688 3279 in
727 3207 1083 3281 honorem
1134 3229 1246 3280 τοῦ
1296 3219 1438 3290 Διὸς
1486 3229 1600 3280 τοῦ
1647 3215 2008 3299 Ιθωμάτα),
2055 3218 2362 3302 uterque
2418 3206 2600 3277 deus

257 3324 323 3400 in
380 3346 630 3406 monte
686 3358 730 3406 a
778 3333 1122 3430 nymphis
1161 3331 1470 3404 nutritus
1509 3357 1669 3405 esse
1706 3331 2075 3405 ferebatur
2103 3328 2171 3431 ⁴),
2208 3345 2279 3404 et
2305 3353 2599 3403 summo

258 3450 325 3524 in
383 3471 632 3531 monte
689 3457 965 3531 fontem
1022 3482 1313 3531 sacrum
1369 3457 1710 3543 habebat,
1765 3456 2099 3552 quicum
2140 3454 2602 3529 caerimoniis

330 3823 374 3884 1)
412 3823 499 3870 De
539 3837 633 3886 qua
669 3840 720 3873 re
754 3825 821 3873 cf.
858 3824 921 3873 F.
960 3823 1118 3880 Back,
1160 3824 1274 3881 „De
1311 3824 1487 3873 Graec.
1526 3822 1723 3871 caerim.
1748 3823 1800 3869 in
1819 3822 2002 3886 quibus
2022 3821 2251 3869 homines
2270 3820 2476 3867 deorum
2497 3821 2604 3869 vice

254 3908 602 3975 fungebantur.
606 3915 636 3937 ''
688 3916 756 3965 A.
807 3912 963 3975 Lang,
1013 3912 1164 3977 Myth
1202 3913 1281 3963 rit.
1319 3928 1364 3960 a.
1403 3912 1490 3961 rel.
1529 3912 1583 3959 II
1621 3923 1740 3973 213.
1797 3912 1857 3959 L.
1895 3911 1967 3958 R.
2007 3909 2222 3968 Famell,
2267 3908 2407 3957 Cults
2445 3910 2501 3956 of
2520 3909 2604 3958 the

257 4000 341 4049 Gr.
379 4000 459 4052 St.
501 3999 560 4047 ΙΙ
594 4000 696 4065 436
735 4017 847 4066 sqq.

322 4090 370 4151 2)
411 4089 495 4138 Cf.
539 4088 688 4139 Paus.
726 4091 807 4139 IV
847 4102 894 4153 3,
901 4102 932 4152 9
972 4099 1023 4138 et
1058 4090 1140 4139 lv
1178 4102 1261 4153 33,
1270 4103 1296 4138 2
1337 4105 1448 4139 cum
1486 4090 1637 4138 Paus.
1674 4088 1812 4136 VIII
1851 4088 1935 4151 38,
1943 4097 1989 4148 7.

321 4182 372 4241 3)
411 4178 495 4228 Cf.
536 4177 685 4231 Faus,
723 4180 805 4229 IV
843 4192 926 4243 33,
936 4192 962 4227 2
1002 4196 1114 4228 cum
1153 4180 1304 4228 Paus.
1345 4180 1481 4228 VIII
1520 4177 1637 4240 38,5
1692 4177 1789 4239 (De
1827 4177 2002 4225 ceteris
2039 4184 2260 4225 veterum
2299 4175 2604 4223 testimoniis

254 4266 503 4317 videW.
547 4266 793 4318 Immerw.
833 4269 907 4316 K.
948 4285 995 4317 ιι.
1034 4270 1109 4317 M.
1149 4272 1216 4317 A.
1258 4269 1329 4333 5.)

322 4360 373 4421 4)
413 4357 500 4406 Cf.
541 4356 692 4405 Paus.
729 4359 808 4406 lV
848 4371 931 4421 33,
944 4372 962 4406 1
1006 4375 1118 4407 cum
1153 4360 1303 4406 Paus.
1342 4358 1478 4407 VIII
1515 4357 1599 4420 38,
1605 4370 1655 4419 3.
