3144 5114
1649 543 1739 613 52

521 749 895 809 aeternum
970 747 1175 820 esset,
1250 735 1471 807 deum
1534 748 1914 835 ¹aeternum
1972 733 2114 807 hoc
2172 733 2467 808 nomine
2522 748 2864 808 vocatum

517 885 693 935 esse.
750 860 960 954 Quae
1034 858 1332 955 quidem
1408 886 1676 934 vocum
1754 859 1986 957 orig0,
2058 859 2226 933 licet
2297 886 2342 933 a
2395 859 2565 934 viris
2616 860 2867 945 doctiS,

516 984 641 1080 qui
714 983 974 1059 studiis
1029 983 1543 1083 etymologicis
1598 1011 1678 1059 se
1732 986 2110 1071 dederunt,
2167 984 2238 1057 in
2295 985 2863 1059 controversiam

513 1123 814 1183 vocetur
866 1105 936 1209 1),
993 1110 1298 1184 dubium
1356 1124 1601 1184 tamen
1657 1110 1777 1183 vix
1832 1135 1992 1184 esse
2034 1122 2291 1207 potest,
2330 1109 2503 1206 quin
2543 1109 2865 1183 terminis

512 1270 639 1323 ιων,
684 1243 815 1328 ιδης
857 1234 1252 1330 antiquitus
1307 1235 1817 1333 patronymica
1869 1234 1978 1308 vis
2033 1234 2362 1321 defuerit,
2391 1248 2471 1308 ut
2507 1234 2863 1332 principio

509 1366 813 1451 Κρονίδης
887 1373 959 1433 et
1024 1371 1304 1451 Κρονίων
1350 1360 1545 1433 idem
1605 1360 1755 1433 fere
1809 1361 2081 1434 valeret
2135 1359 2338 1455 quod
2386 1370 2641 1450 Κρόνος,
2715 1358 2864 1455 qui-

507 1484 647 1557 bus
702 1484 1010 1559 vocibus
1065 1485 1311 1559 divina
1364 1486 1729 1581 quaedam
1789 1485 2127 1559 maiestas
2181 1484 2639 1570 indicaretur,
2677 1509 2864 1578 quae

509 1610 902 1709 praecipue
974 1636 1267 1684 summo
1323 1611 1467 1684 deo
1516 1621 1618 1682 Διί
1663 1609 2173 1683 attribueretur
2228 1609 2530 1704 eiusque
2586 1606 2860 1680 nomini

508 1747 884 1829 tamquam
969 1761 1384 1833 cognomen
1468 1735 1877 1809 adderetur.
1951 1735 2162 1828 Quae
2235 1759 2462 1829 quum
2530 1732 2630 1806 ita
2702 1732 2859 1818 sint,

508 1884 862 1956 perquam
921 1860 1309 1934 verisimile
1359 1860 1535 1933 mihi
1574 1860 1861 1933 videtur
1898 1858 2154 1957 priscis
2191 1858 2649 1955 temporibus
2680 1857 2862 1930 inter

512 1993 631 2055 Δία
677 1995 1001 2076 Κρονίωνα
1058 1999 1131 2058 et
1192 1996 1434 2077 Κρόνον
1497 1985 1619 2058 vix
1681 1984 2084 2081 quidquam
2159 1981 2597 2057 discriminis
2653 1983 2861 2056 inter-

507 2105 746 2181 fuisse.
839 2109 1208 2203 Quocirca
1302 2109 1567 2183 mirum
1662 2135 1808 2182 non
1893 2123 2001 2183 est
2081 2122 2328 2182 vetera
2412 2109 2860 2181 documenta

507 2234 890 2329 complura
972 2236 1306 2332 probare,
1392 2245 1612 2329 Κρόνῳ
1684 2235 1886 2308 haud
1968 2233 2174 2307 aliter
2257 2259 2478 2329 quam
2557 2244 2659 2304 Λιί
2723 2232 2857 2329 ipsi

506 2358 899 2456 praecipue
918 2357 989 2431 in
1020 2359 1200 2433 locis
1230 2358 1531 2432 excelsis
1558 2359 1878 2434 honores
1907 2359 2195 2433 divinos
2224 2358 2591 2432 adhibitos
2612 2383 2774 2431 esse
2790 2355 2857 2456 ²).

614 2482 800 2557 Cum
876 2484 1020 2557 iam
1095 2482 1400 2582 pergam
1479 2484 1737 2559 ordine
1802 2510 2184 2583 exponere,
2250 2509 2612 2580 quosnam
2671 2483 2850 2556 deos

506 2607 578 2680 in
633 2609 813 2682 locis
869 2610 1080 2683 editis
1136 2611 1377 2683 colere
1430 2610 1622 2683 soliti
1680 2610 1823 2684 sint
1879 2610 2162 2698 Graeci,
2216 2623 2503 2707 praeter
2551 2619 2691 2694 Δία,
2735 2607 2851 2682 cui

509 2734 835 2807 omnium
912 2735 1228 2808 maxime
1303 2748 1589 2809 montes
1644 2751 1848 2810 erant
1912 2735 2334 2822 consecrati,
2388 2734 2629 2831 primo
2685 2735 2847 2807 loco

493 2860 980 2933 venumerandi
1036 2874 1205 2933 sunt
1259 2860 1397 2946 dei,
1453 2860 1578 2955 qui
1636 2861 1991 2959 imprimis
2048 2862 2247 2958 apud
2301 2874 2635 2959 pastores
2682 2858 2853 2933 anti-

506 2984 751 3079 quitus
807 2985 878 3057 in
934 2985 1215 3058 honore
1269 2999 1489 3071 erant,
1540 3001 1752 3073 Πᾶνα,
1800 2998 2116 3073 Διόνυσον,
2164 3000 2416 3078 Ἑρμῆν,
2463 2990 2851 3056 Ἀπόλλωνα

507 3108 677 3182 dico
715 3104 784 3210 3).

1462 3271 1887 3279 ——————

857 3313 896 3339 ἅ·

583 3467 628 3525 1)
665 3465 771 3514 Alii
824 3483 853 3513 a
908 3467 1060 3530 stirpe
1118 3485 1214 3539 κερ
1253 3467 1474 3540 (κείρω)
1515 3466 1769 3516 deducunt
1807 3467 2049 3530 originem
2087 3467 2184 3530 (Cf.
2224 3468 2294 3517 H.
2334 3468 2401 3516 D.
2450 3466 2646 3526 Muell„
2684 3462 2845 3531 Myth.

504 3559 552 3609 d.
594 3560 680 3609 Gr.
717 3560 792 3608 St.
831 3558 885 3606 Π
929 3561 1065 3623 137),
1104 3560 1189 3609 alii
1227 3563 1427 3610 averbo
1469 3563 1684 3635 κραὶνω
1725 3560 1830 3623 (Cf.
1858 3561 2173 3611 Prell.·Rob.
2202 3561 2287 3610 Gr.
2313 3560 2602 3631 Myth.⁴·51
2634 3566 2787 3611 Anm.
2813 3574 2846 3622 4

505 3654 577 3702 H.
615 3654 825 3711 Usener,
866 3653 1095 3703 Gottern.
1137 3655 1239 3716 26).

578 3745 626 3805 2)
665 3743 816 3807 Quod
853 3744 1050 3792 fuerunt
1086 3745 1229 3793 multi
1265 3744 1428 3802 colles,
1468 3747 1553 3810 qui
1604 3745 1822 3819 Κρόνια
1845 3745 2241 3803 nominabantur,
2271 3745 2322 3792 id
2343 3744 2639 3792 Hermanno
2657 3744 2848 3792 Usener

504 3839 805 3887 documento
842 3839 951 3895 fuit,
1010 3841 1130 3892 Δία
1190 3839 1355 3903 ipsum
1412 3841 1663 3889 interdum
1700 3839 1926 3914 Κρόνον
1961 3846 2193 3888 vocatum
2213 3855 2336 3888 esse.
2377 3838 2629 3902 (Gottern.
2668 3854 2717 3903 p.
2741 3833 2846 3901 27.)

511 3935 672 3992 „Dass
731 3935 780 3982 in
835 3934 924 3982 der
981 3934 1091 3983 that
1147 3936 1272 3983 Zeus
1322 3935 1477 3984 selbst
1532 3935 1660 3985 auch
1718 3937 1939 4009 Κρόνος
1995 3937 2215 3984 benannt
2252 3935 2438 3992 wurde‚
2477 3934 2601 3998 folgt
2635 3948 2723 3983 aus
2758 3932 2846 3980 der

505 4028 776 4088 nachricht,
816 4030 930 4077 dass
967 4029 1021 4077 in
1062 4029 1264 4079 Sicilien
1303 4031 1406 4078 und
1443 4031 1749 4081 anderwarts
1769 4032 1849 4079 bei
1869 4031 1970 4080 den
1988 4031 2279 4081 westlichen
2299 4028 2545 4080 Griechen
2562 4026 2844 4092 berghohen

503 4117 671 4180 haufig
725 4118 822 4166 den
878 4134 1057 4167 namen
1112 4118 1337 4192 Κρόνια
1398 4129 1594 4184 trugen:
1654 4122 1788 4170 denn
1828 4122 1955 4169 Zeus
1994 4121 2057 4169 ist
2095 4136 2164 4178 es,
2204 4121 2292 4168 der
2326 4127 2435 4183 gott
2471 4118 2562 4167 des
2597 4116 2844 4166 himmels-

502 4213 676 4263 lichtes
714 4214 817 4261 und
853 4214 942 4263 des
979 4230 1167 4278 regens,
1207 4217 1320 4263 dem
1360 4217 1446 4264 der
1476 4216 1576 4265 alte
1613 4216 1770 4265 cultus
1807 4217 1898 4265 auf
1927 4217 2025 4264 den
2063 4216 2373 4281 berggipfeln
2410 4215 2633 4279 eignet.’'

576 4304 627 4364 3)
664 4303 886 4365 Dignum
924 4312 997 4352 est
1036 4305 1171 4368 quod
1207 4305 1493 4354 observetur
1531 4307 1680 4354 etiam
1721 4305 1855 4370 apud
1893 4306 2048 4354 Indos
2087 4307 2236 4353 deum
2256 4304 2558 4369 pastoralem
2580 4301 2839 4363 „Rudra’',

506 4406 657 4456 saepe
693 4392 940 4441 montium
976 4394 1256 4456 praesidem
1293 4394 1472 4443 vocari.
1508 4395 1589 4443 Cf.
1630 4395 1699 4441 H.
1739 4395 1977 4452 Oldenb.,
2016 4394 2114 4443 Die
2133 4393 2303 4458 Relig.
2324 4394 2375 4442 d.
2396 4394 2545 4443 Veda
2562 4409 2649 4458 pp.
2672 4389 2841 4440 216—-
