3144 5114
672 28 682 37 υ

611 39 649 63 ⁸0

422 72 503 73 .j.
530 66 921 74 L-.*„—------—----———1--

227 43 873 174 aqnsububaeu

213 541 899 613 summosam
1596 551 1621 601 1
1637 548 1740 603 00

487 740 725 832 fuerit,
810 755 936 816 aut
1017 742 1260 815 male
1342 767 1438 816 re
1516 756 1799 839 gesta
1879 742 2244 816 fortunam
2317 741 2636 816 defuisse
2710 757 2834 816 aut

470 867 819 961 ‚aliquo
895 866 1343 941 facinore
1415 881 1924 964 comperto
1998 867 2373 942 avaritiam
2451 893 2609 942 esse
2664 893 2833 941 con-

488 992 773 1087 victam.

598 1116 1000 1191 Deleantur
1054 1144 1213 1191 voc.
1270 1119 1512 1192 male
1577 1144 1673 1192 re
1734 1133 2015 1216 gesta
2077 1132 2150 1194 et
2213 1119 2546 1215 aliquo
2611 1119 2835 1193 faci—

486 1267 718 1315 nore
795 1257 1324 1339 comperto.

1524 1433 1793 1505 XXVI.

590 1591 818 1665 Tacit.
880 1592 1069 1666 Hist.
1125 1595 1153 1663 I
1223 1617 1341 1666 12:

593 1717 798 1790 multi
853 1717 1074 1797 stulta
1127 1743 1276 1814 spe,
1330 1732 1555 1814 prout
1609 1718 1773 1813 quis
1828 1719 2109 1792 amicus
2163 1718 2278 1792 vel
2332 1718 2573 1804 clienS‚
2629 1719 2829 1791 hunc

482 1843 598 1915 vel
655 1842 855 1916 illum
914 1842 1476 1916 ambitiosis
1532 1842 1952 1917 rumoribus
2007 1842 2484 1917 destinabant.

595 1968 740 2040 Pro
798 1968 1363 2042 ambitiosis
1418 1969 1558 2066 leg.
1614 1968 2144 2042 ambitiosi.

1502 2184 1804 2256 XXVII.

591 2343 819 2416 Tacit.
856 2345 1048 2416 Ann.
1086 2344 1227 2416 XV
1273 2367 1309 2437 5
1327 2364 1363 2433 7
1390 2370 1404 2417 :

726 2468 848 2541 Sic
905 2468 1184 2566 primus
1242 2469 1685 2565 quaestionis
1741 2470 1898 2543 dies
1954 2495 1996 2543 c
2017 2495 2062 2542 o
2087 2496 2132 2542 n
2154 2483 2182 2542 t
2201 2496 2242 2543 e
2262 2495 2333 2543 m
2356 2496 2407 2567 p
2426 2483 2457 2543 t
2475 2448 2596 2542 us.

592 2595 736 2666 Pro
794 2608 1410 2690 contemptus
1464 2596 1604 2692 leg.
1660 2596 2171 2669 contritus.

1485 2811 1827 2882 XXVIII.

591 2969 821 3042 Tacit.
863 2969 1157 3066 Dialog.
1203 2993 1333 3044 20:

598 3096 1045 3190 traduntque
1119 3095 1190 3167 in
1264 3094 1497 3168 vicem
1577 3121 1662 3168 ac
1736 3120 1958 3192 saepe
2031 3096 2102 3168 in
2160 3096 2484 3169 colonias
2538 3110 2612 3169 et
2662 3121 2831 3193 pro-

483 3218 758 3293 vincias
812 3245 1035 3293 suas
1090 3219 1431 3293 scribunt.

589 3346 734 3417 Pro
791 3369 1016 3418 suas
1071 3345 1210 3443 leg.
1264 3345 1487 3419 suis,

1518 3578 1790 3650 XXIX.

590 3737 808 3836 Verg.
844 3740 1030 3811 Aen.
1068 3738 1174 3811 IX
1223 3764 1248 3811 1
1271 3763 1403 3830 24:

588 3864 1030 3960 Obstipuere
1085 3863 1344 3937 animis
1402 3865 1674 3951 Rutuli,
1729 3864 2161 3937 conterritus
2215 3865 2371 3961 ipse

587 3989 933 4062 Turbatis
1007 3991 1396 4085 Messapus
1462 3989 1767 4084 equis,
1832 4003 2214 4063 cunctatur
2278 4003 2351 4062 et
2404 3987 2637 4062 amnis
2693 4001 2828 4060 ete.

484 4114 774 4208 equis
841 4115 911 4186 in
977 4113 1257 4209 aquis
1324 4117 1756 4189 mutandum
1811 4128 1938 4188 est.
