<?xml version="1.0" encoding="UTF-8"?>
<!DOCTYPE html PUBLIC "-//W3C//DTD XHTML 1.0 Transitional//EN"
    "http://www.w3.org/TR/xhtml1/DTD/xhtml1-transitional.dtd">
<html xmlns="http://www.w3.org/1999/xhtml" xml:lang="en" lang="en">
 <head>
  <title>
</title>
<meta http-equiv="Content-Type" content="text/html;charset=utf-8" />
  <meta name='ocr-system' content='tesseract 3.04.00' />
  <meta name='ocr-capabilities' content='ocr_page ocr_carea ocr_par ocr_line ocrx_word'/>
</head>
<body>
  <div class='ocr_page' id='page_1' title='image "./dediisinlocised01albegoog_0020.png"; bbox 0 0 3144 5114; ppageno 0'>
   <div class='ocr_carea' id='block_1_1' title="bbox 1656 534 1745 582">
    <p class='ocr_par' dir='ltr' id='par_1_1' title="bbox 1656 534 1745 582">
     <span class='ocr_line' id='line_1_1' title="bbox 1656 534 1745 582; baseline 0.022 -2"><span class='ocrx_word' id='word_1_1' title='bbox 1656 534 1745 582; x_wconf 90' lang='lat'>10</span> 
     </span>
    </p>
   </div>
   <div class='ocr_carea' id='block_1_2' title="bbox 521 722 2867 2322">
    <p class='ocr_par' dir='ltr' id='par_1_2' title="bbox 521 722 2867 1570">
     <span class='ocr_line' id='line_1_2' title="bbox 521 722 2867 820; baseline 0.001 -26"><span class='ocrx_word' id='word_1_2' title='bbox 521 722 795 817; x_wconf 90' lang='lat' dir='ltr'>Apollo</span> <span class='ocrx_word' id='word_1_3' title='bbox 871 724 1216 809; x_wconf 90' lang='lat' dir='ltr'>Soranus,</span> <span class='ocrx_word' id='word_1_4' title='bbox 1281 722 1399 796; x_wconf 92' lang='lat' dir='ltr'>cui</span> <span class='ocrx_word' id='word_1_5' title='bbox 1475 724 1781 797; x_wconf 80' lang='lat' dir='ltr'>Soracte</span> <span class='ocrx_word' id='word_1_6' title='bbox 1834 749 2124 797; x_wconf 90' lang='lat' dir='ltr'>sacrum</span> <span class='ocrx_word' id='word_1_7' title='bbox 2192 737 2364 809; x_wconf 89' lang='lat' dir='ltr'>erat,</span> <span class='ocrx_word' id='word_1_8' title='bbox 2419 722 2689 820; x_wconf 89' lang='lat' dir='ltr'>dignus</span> <span class='ocrx_word' id='word_1_9' title='bbox 2744 736 2867 810; x_wconf 90' lang='lat' dir='ltr'>est,</span> 
     </span>
     <span class='ocr_line' id='line_1_3' title="bbox 522 846 2865 943; baseline 0 -24"><span class='ocrx_word' id='word_1_10' title='bbox 522 846 647 943; x_wconf 94' lang='lat' dir='ltr'>qui</span> <span class='ocrx_word' id='word_1_11' title='bbox 703 847 1135 921; x_wconf 90' lang='lat' dir='ltr'>nominetur.</span> <span class='ocrx_word' id='word_1_12' title='bbox 1199 848 1454 942; x_wconf 76' lang='lat' dir='ltr'>Qualis</span> <span class='ocrx_word' id='word_1_13' title='bbox 1511 849 1726 923; x_wconf 85' lang='lat' dir='ltr'>fuerit</span> <span class='ocrx_word' id='word_1_14' title='bbox 1782 849 1899 922; x_wconf 93' lang='lat' dir='ltr'>ille</span> <span class='ocrx_word' id='word_1_15' title='bbox 1955 850 2140 922; x_wconf 89' lang='lat' dir='ltr'>deus</span> <span class='ocrx_word' id='word_1_16' title='bbox 2195 874 2237 922; x_wconf 95' lang='lat' dir='ltr'>e</span> <span class='ocrx_word' id='word_1_17' title='bbox 2293 862 2621 922; x_wconf 89' lang='lat' dir='ltr'>veterum</span> <span class='ocrx_word' id='word_1_18' title='bbox 2679 847 2865 922; x_wconf 89' lang='lat' dir='ltr'>testi-</span> 
     </span>
     <span class='ocr_line' id='line_1_4' title="bbox 523 972 2865 1072; baseline 0.001 -27"><span class='ocrx_word' id='word_1_19' title='bbox 523 972 786 1046; x_wconf 87' lang='lat' dir='ltr'>moniis</span> <span class='ocrx_word' id='word_1_20' title='bbox 840 999 977 1069; x_wconf 95' lang='lat' dir='ltr'>pro</span> <span class='ocrx_word' id='word_1_21' title='bbox 1034 987 1234 1047; x_wconf 92' lang='lat' dir='ltr'>certo</span> <span class='ocrx_word' id='word_1_22' title='bbox 1292 974 1537 1072; x_wconf 85' lang='lat' dir='ltr'>colligi</span> <span class='ocrx_word' id='word_1_23' title='bbox 1595 974 1862 1071; x_wconf 89' lang='lat' dir='ltr'>nequit.</span> <span class='ocrx_word' id='word_1_24' title='bbox 1921 975 2149 1048; x_wconf 84' lang='lat' dir='ltr'>Haud</span> <span class='ocrx_word' id='word_1_25' title='bbox 2197 973 2488 1070; x_wconf 79' lang='lat' dir='ltr'><strong>illepide</strong></span> <span class='ocrx_word' id='word_1_26' title='bbox 2524 974 2865 1071; x_wconf 74' lang='lat' dir='ltr'>egregius</span> 
     </span>
     <span class='ocr_line' id='line_1_5' title="bbox 523 1095 2865 1198; baseline 0 -27"><span class='ocrx_word' id='word_1_27' title='bbox 523 1099 997 1197; x_wconf 92' lang='lat' dir='ltr'>mythologus</span> <span class='ocrx_word' id='word_1_28' title='bbox 1081 1099 1564 1174; x_wconf 88' lang='lat' dir='ltr'>Germanicus</span> <span class='ocrx_word' id='word_1_29' title='bbox 1639 1100 2085 1173; x_wconf 88' lang='lat' dir='ltr'>Mannhardt</span> <span class='ocrx_word' id='word_1_30' title='bbox 2137 1095 2188 1198; x_wconf 87' lang='grc'>1)</span> <span class='ocrx_word' id='word_1_31' title='bbox 2244 1098 2572 1184; x_wconf 88' lang='lat' dir='ltr'>coniecit,</span> <span class='ocrx_word' id='word_1_32' title='bbox 2626 1099 2865 1184; x_wconf 90' lang='lat' dir='ltr'>deum,</span> 
     </span>
     <span class='ocr_line' id='line_1_6' title="bbox 521 1223 2865 1321; baseline -0.001 -24"><span class='ocrx_word' id='word_1_33' title='bbox 521 1224 647 1319; x_wconf 92' lang='lat' dir='ltr'>qui</span> <span class='ocrx_word' id='word_1_34' title='bbox 719 1250 940 1319; x_wconf 89' lang='lat' dir='ltr'>saepe</span> <span class='ocrx_word' id='word_1_35' title='bbox 1012 1224 1116 1298; x_wconf 91' lang='lat' dir='ltr'>sic</span> <span class='ocrx_word' id='word_1_36' title='bbox 1217 1225 1412 1298; x_wconf 92' lang='lat' dir='ltr'>nude</span> <span class='ocrx_word' id='word_1_37' title='bbox 1486 1227 1813 1299; x_wconf 91' lang='lat' dir='ltr'>Soranus</span> <span class='ocrx_word' id='word_1_38' title='bbox 1896 1224 2400 1321; x_wconf 79' lang='lat' dir='ltr'>appellaretur,</span> <span class='ocrx_word' id='word_1_39' title='bbox 2471 1223 2865 1320; x_wconf 90' lang='lat' dir='ltr'>antiquitus</span> 
     </span>
     <span class='ocr_line' id='line_1_7' title="bbox 522 1349 2865 1445; baseline -0 -23"><span class='ocrx_word' id='word_1_40' title='bbox 522 1349 965 1422; x_wconf 92' lang='lat' dir='ltr'>Sabinorum</span> <span class='ocrx_word' id='word_1_41' title='bbox 1023 1375 1293 1422; x_wconf 93' lang='lat' dir='ltr'>numen</span> <span class='ocrx_word' id='word_1_42' title='bbox 1349 1351 1588 1423; x_wconf 92' lang='lat' dir='ltr'>solare</span> <span class='ocrx_word' id='word_1_43' title='bbox 1644 1350 1883 1436; x_wconf 87' lang='lat' dir='ltr'>fuisse,</span> <span class='ocrx_word' id='word_1_44' title='bbox 1940 1350 2065 1445; x_wconf 91' lang='lat' dir='ltr'>qui</span> <span class='ocrx_word' id='word_1_45' title='bbox 2121 1363 2380 1445; x_wconf 90' lang='lat' dir='ltr'>postea</span> <span class='ocrx_word' id='word_1_46' title='bbox 2435 1375 2604 1422; x_wconf 92' lang='lat' dir='ltr'>cum</span> <span class='ocrx_word' id='word_1_47' title='bbox 2646 1350 2865 1422; x_wconf 86' lang='lat' dir='ltr'>Grae-</span> 
     </span>
     <span class='ocr_line' id='line_1_8' title="bbox 522 1474 2316 1570; baseline 0.001 -25"><span class='ocrx_word' id='word_1_48' title='bbox 522 1499 779 1546; x_wconf 92' lang='lat' dir='ltr'>corum</span> <span class='ocrx_word' id='word_1_49' title='bbox 839 1474 982 1547; x_wconf 92' lang='lat' dir='ltr'>deo</span> <span class='ocrx_word' id='word_1_50' title='bbox 1038 1475 1385 1570; x_wconf 89' lang='lat' dir='ltr'>Apolline</span> <span class='ocrx_word' id='word_1_51' title='bbox 1441 1475 1511 1547; x_wconf 94' lang='lat' dir='ltr'>in</span> <span class='ocrx_word' id='word_1_52' title='bbox 1569 1501 1799 1548; x_wconf 94' lang='lat' dir='ltr'>unum</span> <span class='ocrx_word' id='word_1_53' title='bbox 1858 1474 2316 1548; x_wconf 85' lang='lat' dir='ltr'>conflaretur.</span> 
     </span>
    </p>

    <p class='ocr_par' dir='ltr' id='par_1_3' title="bbox 521 1599 2866 2322">
     <span class='ocr_line' id='line_1_9' title="bbox 632 1599 2859 1696; baseline -0 -25"><span class='ocrx_word' id='word_1_54' title='bbox 632 1599 938 1671; x_wconf 88' lang='lat' dir='ltr'>Familia</span> <span class='ocrx_word' id='word_1_55' title='bbox 1014 1599 1424 1696; x_wconf 89' lang='lat' dir='ltr'>Hirporum</span> <span class='ocrx_word' id='word_1_56' title='bbox 1490 1600 1855 1696; x_wconf 85' lang='lat' dir='ltr'>Apollinis</span> <span class='ocrx_word' id='word_1_57' title='bbox 1911 1599 2174 1674; x_wconf 92' lang='lat' dir='ltr'>Sorani</span> <span class='ocrx_word' id='word_1_58' title='bbox 2228 1625 2439 1673; x_wconf 91' lang='lat' dir='ltr'>sacra</span> <span class='ocrx_word' id='word_1_59' title='bbox 2493 1625 2736 1672; x_wconf 86' lang='lat' dir='ltr'>annua</span> <span class='ocrx_word' id='word_1_60' title='bbox 2790 1599 2859 1670; x_wconf 91' lang='lat' dir='ltr'>in</span> 
     </span>
     <span class='ocr_line' id='line_1_10' title="bbox 522 1725 2865 1829; baseline -0 -32"><span class='ocrx_word' id='word_1_61' title='bbox 522 1738 769 1797; x_wconf 92' lang='lat' dir='ltr'>monte</span> <span class='ocrx_word' id='word_1_62' title='bbox 844 1726 1148 1798; x_wconf 86' lang='lat' dir='ltr'>Soracte</span> <span class='ocrx_word' id='word_1_63' title='bbox 1231 1727 1569 1812; x_wconf 89' lang='lat' dir='ltr'>curabat;</span> <span class='ocrx_word' id='word_1_64' title='bbox 1642 1725 1717 1797; x_wconf 90' lang='lat' dir='ltr'>hi</span> <span class='ocrx_word' id='word_1_65' title='bbox 1792 1725 1948 1829; x_wconf 80' lang='lat' dir='ltr'>dies</span> <span class='ocrx_word' id='word_1_66' title='bbox 2023 1725 2247 1798; x_wconf 85' lang='lat' dir='ltr'>festos</span> <span class='ocrx_word' id='word_1_67' title='bbox 2319 1725 2708 1798; x_wconf 87' lang='lat' dir='ltr'>sollemnes</span> <span class='ocrx_word' id='word_1_68' title='bbox 2797 1737 2865 1796; x_wconf 92' lang='lat' dir='ltr'>et</span> 
     </span>
     <span class='ocr_line' id='line_1_11' title="bbox 522 1849 2865 1945; baseline -0 -24"><span class='ocrx_word' id='word_1_69' title='bbox 522 1849 678 1922; x_wconf 90' lang='lat' dir='ltr'>aliis</span> <span class='ocrx_word' id='word_1_70' title='bbox 777 1849 993 1923; x_wconf 89' lang='lat' dir='ltr'>variis</span> <span class='ocrx_word' id='word_1_71' title='bbox 1085 1849 1546 1924; x_wconf 90' lang='lat' dir='ltr'>caerimoniis</span> <span class='ocrx_word' id='word_1_72' title='bbox 1631 1851 2001 1924; x_wconf 92' lang='lat' dir='ltr'>celebrare</span> <span class='ocrx_word' id='word_1_73' title='bbox 2081 1850 2415 1924; x_wconf 92' lang='lat' dir='ltr'>solebant</span> <span class='ocrx_word' id='word_1_74' title='bbox 2497 1863 2568 1922; x_wconf 94' lang='lat' dir='ltr'>et</span> <span class='ocrx_word' id='word_1_75' title='bbox 2648 1873 2865 1945; x_wconf 89' lang='lat' dir='ltr'>super</span> 
     </span>
     <span class='ocr_line' id='line_1_12' title="bbox 521 1973 2865 2075; baseline 0 -29"><span class='ocrx_word' id='word_1_76' title='bbox 521 1976 935 2047; x_wconf 88' lang='lat' dir='ltr'>ambustam</span> <span class='ocrx_word' id='word_1_77' title='bbox 992 1975 1168 2071; x_wconf 90' lang='lat' dir='ltr'>ligni</span> <span class='ocrx_word' id='word_1_78' title='bbox 1224 1989 1499 2049; x_wconf 90' lang='lat' dir='ltr'>struem</span> <span class='ocrx_word' id='word_1_79' title='bbox 1530 1976 1980 2048; x_wconf 89' lang='lat' dir='ltr'>ambulando</span> <span class='ocrx_word' id='word_1_80' title='bbox 2009 1973 2079 2075; x_wconf 80' lang='grc'>2).</span> <span class='ocrx_word' id='word_1_81' title='bbox 2140 1976 2337 2048; x_wconf 92' lang='lat' dir='ltr'>Hinc</span> <span class='ocrx_word' id='word_1_82' title='bbox 2387 1975 2586 2071; x_wconf 91' lang='lat' dir='ltr'>apud</span> <span class='ocrx_word' id='word_1_83' title='bbox 2618 1973 2865 2071; x_wconf 80' lang='lat' dir='ltr'>Vergi-</span> 
     </span>
     <span class='ocr_line' id='line_1_13' title="bbox 521 2095 2866 2197; baseline 0 -27"><span class='ocrx_word' id='word_1_84' title='bbox 521 2098 696 2170; x_wconf 91' lang='lat' dir='ltr'>lium</span> <span class='ocrx_word' id='word_1_85' title='bbox 719 2095 769 2197; x_wconf 80' lang='lat'>3)</span> <span class='ocrx_word' id='word_1_86' title='bbox 824 2101 1129 2186; x_wconf 93' lang='lat' dir='ltr'>Arruns,</span> <span class='ocrx_word' id='word_1_87' title='bbox 1185 2114 1578 2196; x_wconf 88' lang='lat' dir='ltr'>antequam</span> <span class='ocrx_word' id='word_1_88' title='bbox 1640 2100 1710 2173; x_wconf 93' lang='lat' dir='ltr'>in</span> <span class='ocrx_word' id='word_1_89' title='bbox 1751 2101 2151 2188; x_wconf 90' lang='lat' dir='ltr'>Camillam,</span> <span class='ocrx_word' id='word_1_90' title='bbox 2179 2100 2539 2197; x_wconf 90' lang='lat' dir='ltr'>virginem</span> <span class='ocrx_word' id='word_1_91' title='bbox 2571 2099 2866 2197; x_wconf 88' lang='lat' dir='ltr'>regiam,</span> 
     </span>
     <span class='ocr_line' id='line_1_14' title="bbox 522 2223 2071 2322; baseline 0.002 -27"><span class='ocrx_word' id='word_1_92' title='bbox 522 2223 806 2296; x_wconf 88' lang='lat' dir='ltr'>hastam</span> <span class='ocrx_word' id='word_1_93' title='bbox 865 2224 1099 2311; x_wconf 88' lang='lat' dir='ltr'>mittit,</span> <span class='ocrx_word' id='word_1_94' title='bbox 1152 2225 1257 2298; x_wconf 93' lang='lat' dir='ltr'>sic</span> <span class='ocrx_word' id='word_1_95' title='bbox 1313 2240 1655 2322; x_wconf 87' lang='lat' dir='ltr'>precatur</span> <span class='ocrx_word' id='word_1_96' title='bbox 1709 2225 2071 2322; x_wconf 91' lang='lat' dir='ltr'>Apollini:</span> 
     </span>
    </p>
   </div>
   <div class='ocr_carea' id='block_1_3' title="bbox 734 2412 2707 3012">
    <p class='ocr_par' dir='ltr' id='par_1_4' title="bbox 734 2412 2707 2886">
     <span class='ocr_line' id='line_1_15' title="bbox 737 2412 2664 2509; baseline 0 -25"><span class='ocrx_word' id='word_1_97' title='bbox 737 2413 1042 2486; x_wconf 86' lang='lat' dir='ltr'>Summe</span> <span class='ocrx_word' id='word_1_98' title='bbox 1098 2414 1341 2499; x_wconf 91' lang='lat' dir='ltr'>deum,</span> <span class='ocrx_word' id='word_1_99' title='bbox 1398 2414 1630 2487; x_wconf 90' lang='lat' dir='ltr'>sancti</span> <span class='ocrx_word' id='word_1_100' title='bbox 1687 2428 1934 2487; x_wconf 91' lang='lat' dir='ltr'>custos</span> <span class='ocrx_word' id='word_1_101' title='bbox 1990 2413 2315 2487; x_wconf 92' lang='lat' dir='ltr'>Soractis</span> <span class='ocrx_word' id='word_1_102' title='bbox 2369 2412 2664 2509; x_wconf 90' lang='lat' dir='ltr'>Apollo,</span> 
     </span>
     <span class='ocr_line' id='line_1_16' title="bbox 739 2538 2707 2636; baseline 0 -25"><span class='ocrx_word' id='word_1_103' title='bbox 739 2564 959 2634; x_wconf 91' lang='lat' dir='ltr'>quem</span> <span class='ocrx_word' id='word_1_104' title='bbox 1015 2539 1231 2636; x_wconf 90' lang='lat' dir='ltr'>primi</span> <span class='ocrx_word' id='word_1_105' title='bbox 1288 2539 1617 2626; x_wconf 84' lang='lat' dir='ltr'>colimuS,</span> <span class='ocrx_word' id='word_1_106' title='bbox 1674 2540 1792 2613; x_wconf 93' lang='lat' dir='ltr'>cui</span> <span class='ocrx_word' id='word_1_107' title='bbox 1848 2538 2106 2636; x_wconf 92' lang='lat' dir='ltr'>pineus</span> <span class='ocrx_word' id='word_1_108' title='bbox 2163 2540 2387 2613; x_wconf 91' lang='lat' dir='ltr'>ardor</span> <span class='ocrx_word' id='word_1_109' title='bbox 2441 2564 2707 2612; x_wconf 88' lang='lat' dir='ltr'>acervo</span> 
     </span>
     <span class='ocr_line' id='line_1_17' title="bbox 734 2664 2599 2761; baseline 0.002 -26"><span class='ocrx_word' id='word_1_110' title='bbox 734 2664 1058 2759; x_wconf 90' lang='lat' dir='ltr'>pascitur</span> <span class='ocrx_word' id='word_1_111' title='bbox 1112 2679 1184 2738; x_wconf 92' lang='lat' dir='ltr'>et</span> <span class='ocrx_word' id='word_1_112' title='bbox 1240 2665 1567 2738; x_wconf 90' lang='lat' dir='ltr'>medium</span> <span class='ocrx_word' id='word_1_113' title='bbox 1626 2665 1787 2738; x_wconf 86' lang='lat' dir='ltr'>freti</span> <span class='ocrx_word' id='word_1_114' title='bbox 1842 2666 2110 2761; x_wconf 91' lang='lat' dir='ltr'>pietate</span> <span class='ocrx_word' id='word_1_115' title='bbox 2164 2691 2297 2760; x_wconf 95' lang='lat' dir='ltr'>per</span> <span class='ocrx_word' id='word_1_116' title='bbox 2352 2664 2599 2760; x_wconf 83' lang='lat' dir='ltr'>ignem</span> 
     </span>
     <span class='ocr_line' id='line_1_18' title="bbox 736 2789 2460 2886; baseline -0.001 -24"><span class='ocrx_word' id='word_1_117' title='bbox 736 2791 1052 2863; x_wconf 91' lang='lat' dir='ltr'>cultores</span> <span class='ocrx_word' id='word_1_118' title='bbox 1109 2791 1336 2862; x_wconf 91' lang='lat' dir='ltr'>multa</span> <span class='ocrx_word' id='word_1_119' title='bbox 1389 2790 1792 2886; x_wconf 86' lang='lat' dir='ltr'>premimus</span> <span class='ocrx_word' id='word_1_120' title='bbox 1846 2789 2155 2886; x_wconf 89' lang='lat' dir='ltr'>vestigia</span> <span class='ocrx_word' id='word_1_121' title='bbox 2207 2815 2460 2886; x_wconf 79' lang='lat' dir='ltr'>pruna,</span> 
     </span>
    </p>

    <p class='ocr_par' dir='ltr' id='par_1_5' title="bbox 736 2916 1455 3012">
     <span class='ocr_line' id='line_1_19' title="bbox 736 2916 1455 3012; baseline 0.001 -25"><span class='ocrx_word' id='word_1_122' title='bbox 736 2916 849 3001; x_wconf 79' lang='lat' dir='ltr'>da,</span> <span class='ocrx_word' id='word_1_123' title='bbox 904 2929 1111 3011; x_wconf 89' lang='lat' dir='ltr'>pater</span> <span class='ocrx_word' id='word_1_124' title='bbox 1165 2941 1224 2987; x_wconf 94' lang='lat' dir='ltr'>e.</span> <span class='ocrx_word' id='word_1_125' title='bbox 1280 2942 1346 3012; x_wconf 92' lang='lat' dir='ltr'>q.</span> <span class='ocrx_word' id='word_1_126' title='bbox 1401 2941 1455 2988; x_wconf 89' lang='lat' dir='ltr'>s.</span> 
     </span>
    </p>
   </div>
   <div class='ocr_carea' id='block_1_4' title="bbox 522 3093 2867 3942">
    <p class='ocr_par' dir='ltr' id='par_1_6' title="bbox 522 3093 2867 3942">
     <span class='ocr_line' id='line_1_20' title="bbox 633 3093 2862 3168; baseline -0.001 -2"><span class='ocrx_word' id='word_1_127' title='bbox 633 3096 797 3166; x_wconf 94' lang='lat' dir='ltr'>Nec</span> <span class='ocrx_word' id='word_1_128' title='bbox 880 3120 1026 3167; x_wconf 96' lang='lat' dir='ltr'>non</span> <span class='ocrx_word' id='word_1_129' title='bbox 1113 3094 1398 3168; x_wconf 88' lang='lat' dir='ltr'>Dianae</span> <span class='ocrx_word' id='word_1_130' title='bbox 1479 3094 1991 3168; x_wconf 88' lang='lat' dir='ltr'>Aventinensis</span> <span class='ocrx_word' id='word_1_131' title='bbox 2057 3093 2573 3167; x_wconf 92' lang='lat' dir='ltr'>celeberrimus</span> <span class='ocrx_word' id='word_1_132' title='bbox 2631 3093 2862 3166; x_wconf 91' lang='lat' dir='ltr'>cultus</span> 
     </span>
     <span class='ocr_line' id='line_1_21' title="bbox 522 3218 2862 3315; baseline -0 -25"><span class='ocrx_word' id='word_1_133' title='bbox 522 3219 639 3291; x_wconf 92' lang='lat' dir='ltr'>hic</span> <span class='ocrx_word' id='word_1_134' title='bbox 695 3219 978 3292; x_wconf 91' lang='lat' dir='ltr'>silentio</span> <span class='ocrx_word' id='word_1_135' title='bbox 1034 3220 1407 3315; x_wconf 90' lang='lat' dir='ltr'>praeteriri</span> <span class='ocrx_word' id='word_1_136' title='bbox 1465 3220 1733 3315; x_wconf 88' lang='lat' dir='ltr'>nequit.</span> <span class='ocrx_word' id='word_1_137' title='bbox 1807 3222 1887 3292; x_wconf 94' lang='lat' dir='ltr'>In</span> <span class='ocrx_word' id='word_1_138' title='bbox 1946 3233 2195 3292; x_wconf 90' lang='lat' dir='ltr'>monte</span> <span class='ocrx_word' id='word_1_139' title='bbox 2249 3219 2441 3293; x_wconf 91' lang='lat' dir='ltr'>enim</span> <span class='ocrx_word' id='word_1_140' title='bbox 2498 3218 2862 3292; x_wconf 92' lang='lat' dir='ltr'>Aventino</span> 
     </span>
     <span class='ocr_line' id='line_1_22' title="bbox 526 3343 2862 3440; baseline 0 -25"><span class='ocrx_word' id='word_1_141' title='bbox 526 3343 831 3430; x_wconf 91' lang='lat' dir='ltr'>Dianae,</span> <span class='ocrx_word' id='word_1_142' title='bbox 914 3346 1172 3418; x_wconf 91' lang='lat' dir='ltr'>eadem</span> <span class='ocrx_word' id='word_1_143' title='bbox 1257 3345 1555 3432; x_wconf 91' lang='lat' dir='ltr'>ratione,</span> <span class='ocrx_word' id='word_1_144' title='bbox 1640 3371 1789 3440; x_wconf 92' lang='lat' dir='ltr'>qua</span> <span class='ocrx_word' id='word_1_145' title='bbox 1871 3345 2024 3417; x_wconf 89' lang='lat' dir='ltr'>Iovi</span> <span class='ocrx_word' id='word_1_146' title='bbox 2110 3345 2181 3417; x_wconf 94' lang='lat' dir='ltr'>in</span> <span class='ocrx_word' id='word_1_147' title='bbox 2251 3358 2499 3416; x_wconf 91' lang='lat' dir='ltr'>monte</span> <span class='ocrx_word' id='word_1_148' title='bbox 2553 3345 2862 3427; x_wconf 92' lang='lat' dir='ltr'>Alban0‚</span> 
     </span>
     <span class='ocr_line' id='line_1_23' title="bbox 523 3469 2865 3565; baseline 0 -24"><span class='ocrx_word' id='word_1_149' title='bbox 523 3493 917 3542; x_wconf 92' lang='lat' dir='ltr'>commune</span> <span class='ocrx_word' id='word_1_150' title='bbox 1001 3470 1427 3542; x_wconf 90' lang='lat' dir='ltr'>Latinorum</span> <span class='ocrx_word' id='word_1_151' title='bbox 1510 3470 1866 3565; x_wconf 90' lang='lat' dir='ltr'>templum</span> <span class='ocrx_word' id='word_1_152' title='bbox 1932 3484 2085 3543; x_wconf 91' lang='lat' dir='ltr'>erat</span> <span class='ocrx_word' id='word_1_153' title='bbox 2139 3469 2537 3555; x_wconf 92' lang='lat' dir='ltr'>conditum,</span> <span class='ocrx_word' id='word_1_154' title='bbox 2591 3482 2865 3564; x_wconf 92' lang='lat' dir='ltr'>tempo—</span> 
     </span>
     <span class='ocr_line' id='line_1_24' title="bbox 524 3593 2862 3680; baseline 0 -15"><span class='ocrx_word' id='word_1_155' title='bbox 524 3593 724 3667; x_wconf 90' lang='lat' dir='ltr'>ribus</span> <span class='ocrx_word' id='word_1_156' title='bbox 754 3594 1093 3666; x_wconf 91' lang='lat' dir='ltr'>nimirum</span> <span class='ocrx_word' id='word_1_157' title='bbox 1124 3594 1646 3680; x_wconf 90' lang='lat' dir='ltr'>remotissimis,</span> <span class='ocrx_word' id='word_1_158' title='bbox 1676 3620 1844 3667; x_wconf 91' lang='lat' dir='ltr'>cum</span> <span class='ocrx_word' id='word_1_159' title='bbox 1878 3620 2088 3668; x_wconf 91' lang='lat' dir='ltr'>mons</span> <span class='ocrx_word' id='word_1_160' title='bbox 2108 3594 2517 3668; x_wconf 87' lang='lat' dir='ltr'>Aventinus</span> <span class='ocrx_word' id='word_1_161' title='bbox 2536 3595 2862 3667; x_wconf 92' lang='lat' dir='ltr'>nondum</span> 
     </span>
     <span class='ocr_line' id='line_1_25' title="bbox 523 3703 2865 3817; baseline -0.001 -25"><span class='ocrx_word' id='word_1_162' title='bbox 523 3719 711 3792; x_wconf 91' lang='lat' dir='ltr'>intra</span> <span class='ocrx_word' id='word_1_163' title='bbox 767 3721 1053 3792; x_wconf 90' lang='lat' dir='ltr'>Romae</span> <span class='ocrx_word' id='word_1_164' title='bbox 1109 3719 1291 3793; x_wconf 85' lang='lat' dir='ltr'>fines</span> <span class='ocrx_word' id='word_1_165' title='bbox 1344 3720 1525 3793; x_wconf 93' lang='lat' dir='ltr'>situs</span> <span class='ocrx_word' id='word_1_166' title='bbox 1582 3734 1752 3792; x_wconf 87' lang='lat' dir='ltr'>erat.</span> <span class='ocrx_word' id='word_1_167' title='bbox 1809 3703 2060 3793; x_wconf 93' lang='lat' dir='ltr'>Idibus</span> <span class='ocrx_word' id='word_1_168' title='bbox 2114 3719 2475 3817; x_wconf 85' lang='lat' dir='ltr'>Augustis</span> <span class='ocrx_word' id='word_1_169' title='bbox 2513 3719 2632 3792; x_wconf 91' lang='lat' dir='ltr'>hic</span> <span class='ocrx_word' id='word_1_170' title='bbox 2663 3731 2865 3815; x_wconf 90' lang='lat' dir='ltr'>quot-</span> 
     </span>
     <span class='ocr_line' id='line_1_26' title="bbox 526 3843 2867 3942; baseline -0.001 -25"><span class='ocrx_word' id='word_1_171' title='bbox 526 3843 731 3917; x_wconf 90' lang='lat' dir='ltr'>annis</span> <span class='ocrx_word' id='word_1_172' title='bbox 805 3844 877 3915; x_wconf 90' lang='lat' dir='ltr'>in</span> <span class='ocrx_word' id='word_1_173' title='bbox 954 3844 1240 3917; x_wconf 90' lang='lat' dir='ltr'>Dianae</span> <span class='ocrx_word' id='word_1_174' title='bbox 1320 3844 1678 3918; x_wconf 92' lang='lat' dir='ltr'>honorem</span> <span class='ocrx_word' id='word_1_175' title='bbox 1738 3845 1894 3918; x_wconf 91' lang='lat' dir='ltr'>dies</span> <span class='ocrx_word' id='word_1_176' title='bbox 1951 3845 2175 3918; x_wconf 87' lang='lat' dir='ltr'>festus</span> <span class='ocrx_word' id='word_1_177' title='bbox 2233 3846 2608 3942; x_wconf 89' lang='lat' dir='ltr'>agebatur,</span> <span class='ocrx_word' id='word_1_178' title='bbox 2663 3843 2867 3918; x_wconf 93' lang='lat' dir='ltr'>cuius</span> 
     </span>
    </p>
   </div>
   <div class='ocr_carea' id='block_1_5' title="bbox 533 4015 611 4022">
    <p class='ocr_par' dir='ltr' id='par_1_7' title="bbox 533 4015 611 4022">
     <span class='ocr_line' id='line_1_27' title="bbox 533 4015 611 4022; baseline -0.026 0"><span class='ocrx_word' id='word_1_179' title='bbox 533 4015 567 4022; x_wconf 62' lang='grc' dir='ltr'>ι-</span> <span class='ocrx_word' id='word_1_180' title='bbox 602 4017 611 4020; x_wconf 90' lang='grc'>-</span> 
     </span>
    </p>
   </div>
   <div class='ocr_carea' id='block_1_6' title="bbox 632 4015 956 4020">
    <p class='ocr_par' dir='ltr' id='par_1_8' title="bbox 632 4015 956 4020">
     <span class='ocr_line' id='line_1_28' title="bbox 632 4015 956 4020; baseline 0 0"><span class='ocrx_word' id='word_1_181' title='bbox 632 4015 956 4020; x_wconf 95' lang='lat' dir='ltr'> </span> 
     </span>
    </p>
   </div>
   <div class='ocr_carea' id='block_1_7' title="bbox 527 4111 2866 4447">
    <p class='ocr_par' dir='ltr' id='par_1_9' title="bbox 603 4111 1898 4176">
     <span class='ocr_line' id='line_1_29' title="bbox 603 4111 1898 4176; baseline -0.001 -16"><span class='ocrx_word' id='word_1_182' title='bbox 603 4115 646 4172; x_wconf 89' lang='lat'>1)</span> <span class='ocrx_word' id='word_1_183' title='bbox 684 4111 1005 4169; x_wconf 87' lang='lat' dir='ltr'>Mannhardt‚</span> <span class='ocrx_word' id='word_1_184' title='bbox 1043 4111 1224 4159; x_wconf 85' lang='lat' dir='ltr'>Wald-</span> <span class='ocrx_word' id='word_1_185' title='bbox 1261 4128 1310 4161; x_wconf 87' lang='lat' dir='ltr'>u.</span> <span class='ocrx_word' id='word_1_186' title='bbox 1349 4111 1529 4164; x_wconf 83' lang='lat' dir='ltr'>Feldk.</span> <span class='ocrx_word' id='word_1_187' title='bbox 1571 4113 1641 4159; x_wconf 86' lang='grc' dir='ltr'>ΙΙ.</span> <span class='ocrx_word' id='word_1_188' title='bbox 1683 4121 1782 4174; x_wconf 87' lang='lat'>327</span> <span class='ocrx_word' id='word_1_189' title='bbox 1824 4128 1898 4176; x_wconf 90' lang='lat' dir='ltr'>sq.</span> 
     </span>
    </p>

    <p class='ocr_par' dir='ltr' id='par_1_10' title="bbox 527 4198 2866 4354">
     <span class='ocr_line' id='line_1_30' title="bbox 601 4198 2866 4263; baseline -0.001 -14"><span class='ocrx_word' id='word_1_190' title='bbox 601 4204 650 4262; x_wconf 90' lang='lat'>2)</span> <span class='ocrx_word' id='word_1_191' title='bbox 687 4202 764 4250; x_wconf 85' lang='lat' dir='ltr'>Cf.</span> <span class='ocrx_word' id='word_1_192' title='bbox 809 4201 939 4250; x_wconf 90' lang='lat' dir='ltr'>Plin.</span> <span class='ocrx_word' id='word_1_193' title='bbox 977 4202 1048 4248; x_wconf 90' lang='lat' dir='ltr'>N.</span> <span class='ocrx_word' id='word_1_194' title='bbox 1087 4201 1161 4251; x_wconf 90' lang='lat' dir='ltr'>H.</span> <span class='ocrx_word' id='word_1_195' title='bbox 1203 4201 1308 4248; x_wconf 95' lang='lat' dir='ltr'>VII</span> <span class='ocrx_word' id='word_1_196' title='bbox 1350 4213 1393 4258; x_wconf 91' lang='lat'>2,</span> <span class='ocrx_word' id='word_1_197' title='bbox 1440 4214 1519 4262; x_wconf 90' lang='lat'>19.</span> <span class='ocrx_word' id='word_1_198' title='bbox 1557 4201 1722 4253; x_wconf 85' lang='lat' dir='ltr'>Strab.</span> <span class='ocrx_word' id='word_1_199' title='bbox 1760 4203 1813 4251; x_wconf 94' lang='lat' dir='ltr'><strong>V</strong></span> <span class='ocrx_word' id='word_1_200' title='bbox 1854 4200 1972 4250; x_wconf 86' lang='lat'><strong>226.</strong></span> <span class='ocrx_word' id='word_1_201' title='bbox 2010 4202 2151 4250; x_wconf 78' lang='lat' dir='ltr'>Serv·</span> <span class='ocrx_word' id='word_1_202' title='bbox 2190 4201 2253 4249; x_wconf 86' lang='lat' dir='ltr'>ad</span> <span class='ocrx_word' id='word_1_203' title='bbox 2293 4201 2447 4263; x_wconf 88' lang='lat' dir='ltr'>Verg.</span> <span class='ocrx_word' id='word_1_204' title='bbox 2485 4203 2618 4250; x_wconf 91' lang='lat' dir='ltr'>Aen.</span> <span class='ocrx_word' id='word_1_205' title='bbox 2639 4201 2727 4248; x_wconf 91' lang='lat' dir='ltr'>XI</span> <span class='ocrx_word' id='word_1_206' title='bbox 2748 4198 2866 4261; x_wconf 87' lang='lat'><strong>785.</strong></span> 
     </span>
     <span class='ocr_line' id='line_1_31' title="bbox 527 4289 1829 4354; baseline -0.002 -13"><span class='ocrx_word' id='word_1_207' title='bbox 527 4292 617 4341; x_wconf 89' lang='lat' dir='ltr'>Sil.</span> <span class='ocrx_word' id='word_1_208' title='bbox 657 4290 768 4339; x_wconf 87' lang='lat' dir='ltr'>Ital.</span> <span class='ocrx_word' id='word_1_209' title='bbox 806 4292 936 4338; x_wconf 89' lang='lat' dir='ltr'>Pun.</span> <span class='ocrx_word' id='word_1_210' title='bbox 975 4291 1028 4339; x_wconf 94' lang='lat' dir='ltr'>V</span> <span class='ocrx_word' id='word_1_211' title='bbox 1073 4300 1187 4353; x_wconf 89' lang='lat'>175,</span> <span class='ocrx_word' id='word_1_212' title='bbox 1226 4290 1336 4339; x_wconf 90' lang='lat' dir='ltr'>VII</span> <span class='ocrx_word' id='word_1_213' title='bbox 1374 4289 1495 4348; x_wconf 88' lang='lat'>622,</span> <span class='ocrx_word' id='word_1_214' title='bbox 1534 4291 1671 4338; x_wconf 84' lang='lat' dir='ltr'><strong>VIII</strong></span> <span class='ocrx_word' id='word_1_215' title='bbox 1710 4303 1829 4354; x_wconf 89' lang='lat'><strong>494.</strong></span> 
     </span>
    </p>

    <p class='ocr_par' dir='ltr' id='par_1_11' title="bbox 597 4379 1497 4447">
     <span class='ocr_line' id='line_1_32' title="bbox 597 4379 1497 4447; baseline 0.002 -18"><span class='ocrx_word' id='word_1_216' title='bbox 597 4380 653 4447; x_wconf 85' lang='lat'>3)</span> <span class='ocrx_word' id='word_1_217' title='bbox 692 4380 845 4446; x_wconf 86' lang='lat' dir='ltr'>Verg.</span> <span class='ocrx_word' id='word_1_218' title='bbox 886 4381 1016 4429; x_wconf 87' lang='lat' dir='ltr'>Aen.</span> <span class='ocrx_word' id='word_1_219' title='bbox 1055 4380 1143 4427; x_wconf 90' lang='lat' dir='ltr'>XI</span> <span class='ocrx_word' id='word_1_220' title='bbox 1183 4379 1280 4443; x_wconf 87' lang='lat'>785</span> <span class='ocrx_word' id='word_1_221' title='bbox 1322 4394 1365 4428; x_wconf 87' lang='lat' dir='ltr'>e.</span> <span class='ocrx_word' id='word_1_222' title='bbox 1387 4395 1435 4445; x_wconf 92' lang='lat' dir='ltr'>q.</span> <span class='ocrx_word' id='word_1_223' title='bbox 1457 4396 1497 4431; x_wconf 78' lang='lat' dir='ltr'>s·</span> 
     </span>
    </p>
   </div>
  </div>
 </body>
</html>
