<?xml version="1.0" encoding="UTF-8"?>
<!DOCTYPE html PUBLIC "-//W3C//DTD XHTML 1.0 Transitional//EN"
    "http://www.w3.org/TR/xhtml1/DTD/xhtml1-transitional.dtd">
<html xmlns="http://www.w3.org/1999/xhtml" xml:lang="en" lang="en">
 <head>
  <title>
</title>
<meta http-equiv="Content-Type" content="text/html;charset=utf-8" />
  <meta name='ocr-system' content='tesseract 3.04.00' />
  <meta name='ocr-capabilities' content='ocr_page ocr_carea ocr_par ocr_line ocrx_word'/>
</head>
<body>
  <div class='ocr_page' id='page_1' title='image "./dediisinlocised01albegoog_0048.png"; bbox 0 0 3144 5114; ppageno 0'>
   <div class='ocr_carea' id='block_1_1' title="bbox 1586 508 1681 591">
    <p class='ocr_par' dir='ltr' id='par_1_1' title="bbox 1586 508 1681 591">
     <span class='ocr_line' id='line_1_1' title="bbox 1586 508 1681 591; baseline 0 -16"><span class='ocrx_word' id='word_1_1' title='bbox 1586 508 1681 591; x_wconf 84' lang='lat'>38</span> 
     </span>
    </p>
   </div>
   <div class='ocr_carea' id='block_1_2' title="bbox 458 712 2813 2818">
    <p class='ocr_par' dir='ltr' id='par_1_2' title="bbox 458 712 2813 2818">
     <span class='ocr_line' id='line_1_2' title="bbox 460 712 2809 813; baseline 0.003 -30"><span class='ocrx_word' id='word_1_2' title='bbox 460 712 605 784; x_wconf 86' lang='lat' dir='ltr'>iam</span> <span class='ocrx_word' id='word_1_3' title='bbox 662 712 1164 788; x_wconf 82' lang='lat' dir='ltr'>remotissimis</span> <span class='ocrx_word' id='word_1_4' title='bbox 1218 716 1674 813; x_wconf 82' lang='lat' dir='ltr'>temporibus</span> <span class='ocrx_word' id='word_1_5' title='bbox 1728 716 2035 791; x_wconf 91' lang='lat' dir='ltr'>summis</span> <span class='ocrx_word' id='word_1_6' title='bbox 2091 716 2163 789; x_wconf 92' lang='lat' dir='ltr'>in</span> <span class='ocrx_word' id='word_1_7' title='bbox 2222 717 2593 792; x_wconf 89' lang='lat' dir='ltr'>montibus</span> <span class='ocrx_word' id='word_1_8' title='bbox 2623 718 2809 791; x_wconf 94' lang='lat' dir='ltr'>deos</span> 
     </span>
     <span class='ocr_line' id='line_1_3' title="bbox 458 837 2809 936; baseline 0.003 -27"><span class='ocrx_word' id='word_1_9' title='bbox 458 837 924 912; x_wconf 86' lang='lat' dir='ltr'>veneratione</span> <span class='ocrx_word' id='word_1_10' title='bbox 1004 854 1435 936; x_wconf 90' lang='lat' dir='ltr'>prosecutos</span> <span class='ocrx_word' id='word_1_11' title='bbox 1517 868 1694 916; x_wconf 66' lang='lat' dir='ltr'>ffise.</span> <span class='ocrx_word' id='word_1_12' title='bbox 1777 843 2001 936; x_wconf 76' lang='lat' dir='ltr'>Quod</span> <span class='ocrx_word' id='word_1_13' title='bbox 2084 856 2330 916; x_wconf 91' lang='lat' dir='ltr'>autem</span> <span class='ocrx_word' id='word_1_14' title='bbox 2397 854 2550 925; x_wconf 65' lang='grc' dir='ltr'>Ζεύς</span> <span class='ocrx_word' id='word_1_15' title='bbox 2608 868 2809 916; x_wconf 87' lang='lat' dir='ltr'>com-</span> 
     </span>
     <span class='ocr_line' id='line_1_4' title="bbox 460 963 2809 1064; baseline 0.003 -30"><span class='ocrx_word' id='word_1_16' title='bbox 460 963 705 1059; x_wconf 81' lang='lat' dir='ltr'>plures</span> <span class='ocrx_word' id='word_1_17' title='bbox 759 963 896 1037; x_wconf 93' lang='lat' dir='ltr'>hos</span> <span class='ocrx_word' id='word_1_18' title='bbox 953 966 1207 1052; x_wconf 78' lang='lat' dir='ltr'>cultUS,</span> <span class='ocrx_word' id='word_1_19' title='bbox 1261 965 1451 1039; x_wconf 92' lang='lat' dir='ltr'>sicut</span> <span class='ocrx_word' id='word_1_20' title='bbox 1503 992 1727 1064; x_wconf 90' lang='lat' dir='ltr'>supra</span> <span class='ocrx_word' id='word_1_21' title='bbox 1781 967 2118 1054; x_wconf 86' lang='lat' dir='ltr'>vidimus,</span> <span class='ocrx_word' id='word_1_22' title='bbox 2174 969 2269 1041; x_wconf 90' lang='lat' dir='ltr'>ad</span> <span class='ocrx_word' id='word_1_23' title='bbox 2324 992 2404 1041; x_wconf 92' lang='lat' dir='ltr'>se</span> <span class='ocrx_word' id='word_1_24' title='bbox 2458 968 2691 1054; x_wconf 83' lang='lat' dir='ltr'>traxit,</span> <span class='ocrx_word' id='word_1_25' title='bbox 2731 968 2809 1041; x_wconf 94' lang='lat' dir='ltr'>id</span> 
     </span>
     <span class='ocr_line' id='line_1_5' title="bbox 463 1087 2808 1186; baseline 0.003 -26"><span class='ocrx_word' id='word_1_26' title='bbox 463 1087 761 1161; x_wconf 91' lang='lat' dir='ltr'>minime</span> <span class='ocrx_word' id='word_1_27' title='bbox 834 1103 958 1175; x_wconf 89' lang='lat' dir='ltr'>est,</span> <span class='ocrx_word' id='word_1_28' title='bbox 1031 1092 1234 1186; x_wconf 94' lang='lat' dir='ltr'>quod</span> <span class='ocrx_word' id='word_1_29' title='bbox 1311 1092 1679 1165; x_wconf 90' lang='lat' dir='ltr'>miremur.</span> <span class='ocrx_word' id='word_1_30' title='bbox 1755 1093 1955 1166; x_wconf 90' lang='lat' dir='ltr'>Nam</span> <span class='ocrx_word' id='word_1_31' title='bbox 2030 1118 2365 1167; x_wconf 90' lang='lat' dir='ltr'>summus</span> <span class='ocrx_word' id='word_1_32' title='bbox 2433 1092 2549 1166; x_wconf 92' lang='lat' dir='ltr'>ille</span> <span class='ocrx_word' id='word_1_33' title='bbox 2604 1094 2808 1179; x_wconf 81' lang='lat' dir='ltr'>deuS,</span> 
     </span>
     <span class='ocr_line' id='line_1_6' title="bbox 462 1216 2806 1318; baseline 0.002 -32"><span class='ocrx_word' id='word_1_34' title='bbox 462 1227 973 1310; x_wconf 81' lang='lat' dir='ltr'>praeterquam</span> <span class='ocrx_word' id='word_1_35' title='bbox 1075 1217 1279 1311; x_wconf 91' lang='lat' dir='ltr'>quod</span> <span class='ocrx_word' id='word_1_36' title='bbox 1360 1216 1543 1290; x_wconf 92' lang='lat' dir='ltr'>lucis</span> <span class='ocrx_word' id='word_1_37' title='bbox 1627 1232 1884 1291; x_wconf 88' lang='lat' dir='ltr'>auctor</span> <span class='ocrx_word' id='word_1_38' title='bbox 1966 1220 2363 1315; x_wconf 89' lang='lat' dir='ltr'>putabatur</span> <span class='ocrx_word' id='word_1_39' title='bbox 2419 1216 2486 1318; x_wconf 90' lang='lat'>¹),</span> <span class='ocrx_word' id='word_1_40' title='bbox 2587 1218 2806 1291; x_wconf 92' lang='lat' dir='ltr'>etiam</span> 
     </span>
     <span class='ocr_line' id='line_1_7' title="bbox 463 1340 2809 1440; baseline 0.002 -29"><span class='ocrx_word' id='word_1_41' title='bbox 463 1340 894 1413; x_wconf 90' lang='lat' dir='ltr'>nebularum</span> <span class='ocrx_word' id='word_1_42' title='bbox 978 1354 1049 1413; x_wconf 93' lang='lat' dir='ltr'>et</span> <span class='ocrx_word' id='word_1_43' title='bbox 1132 1341 1474 1414; x_wconf 90' lang='lat' dir='ltr'>imbrium</span> <span class='ocrx_word' id='word_1_44' title='bbox 1551 1341 1820 1416; x_wconf 90' lang='lat' dir='ltr'>arbiter</span> <span class='ocrx_word' id='word_1_45' title='bbox 1884 1356 2105 1440; x_wconf 90' lang='lat' dir='ltr'>atque</span> <span class='ocrx_word' id='word_1_46' title='bbox 2161 1345 2581 1417; x_wconf 90' lang='lat' dir='ltr'>moderator</span> <span class='ocrx_word' id='word_1_47' title='bbox 2635 1357 2809 1430; x_wconf 92' lang='lat' dir='ltr'>erat,</span> 
     </span>
     <span class='ocr_line' id='line_1_8' title="bbox 464 1464 2810 1560; baseline 0.001 -23"><span class='ocrx_word' id='word_1_48' title='bbox 464 1464 812 1560; x_wconf 89' lang='lat' dir='ltr'>quocirca</span> <span class='ocrx_word' id='word_1_49' title='bbox 866 1467 1094 1538; x_wconf 92' lang='lat' dir='ltr'>multa</span> <span class='ocrx_word' id='word_1_50' title='bbox 1149 1466 1507 1540; x_wconf 90' lang='lat' dir='ltr'>montium</span> <span class='ocrx_word' id='word_1_51' title='bbox 1565 1468 1950 1542; x_wconf 92' lang='lat' dir='ltr'>cacumina</span> <span class='ocrx_word' id='word_1_52' title='bbox 2003 1469 2070 1543; x_wconf 93' lang='lat' dir='ltr'>ei</span> <span class='ocrx_word' id='word_1_53' title='bbox 2116 1483 2322 1543; x_wconf 92' lang='lat' dir='ltr'>erant</span> <span class='ocrx_word' id='word_1_54' title='bbox 2367 1482 2810 1543; x_wconf 91' lang='lat' dir='ltr'>consecrata.</span> 
     </span>
     <span class='ocr_line' id='line_1_9' title="bbox 466 1589 2810 1688; baseline 0.001 -26"><span class='ocrx_word' id='word_1_55' title='bbox 466 1589 832 1663; x_wconf 90' lang='lat' dir='ltr'>Montium</span> <span class='ocrx_word' id='word_1_56' title='bbox 908 1591 1099 1663; x_wconf 91' lang='lat' dir='ltr'>enim</span> <span class='ocrx_word' id='word_1_57' title='bbox 1174 1593 1497 1680; x_wconf 88' lang='lat' dir='ltr'>vertices,</span> <span class='ocrx_word' id='word_1_58' title='bbox 1553 1618 1742 1688; x_wconf 92' lang='lat' dir='ltr'>quos</span> <span class='ocrx_word' id='word_1_59' title='bbox 1798 1595 2108 1668; x_wconf 91' lang='lat' dir='ltr'>nebulae</span> <span class='ocrx_word' id='word_1_60' title='bbox 2164 1594 2503 1668; x_wconf 90' lang='lat' dir='ltr'>obsidere</span> <span class='ocrx_word' id='word_1_61' title='bbox 2556 1594 2810 1679; x_wconf 86' lang='lat' dir='ltr'>solent,</span> 
     </span>
     <span class='ocr_line' id='line_1_10' title="bbox 465 1714 2809 1817; baseline 0.001 -30"><span class='ocrx_word' id='word_1_62' title='bbox 465 1740 634 1787; x_wconf 91' lang='lat' dir='ltr'>cum</span> <span class='ocrx_word' id='word_1_63' title='bbox 691 1714 981 1811; x_wconf 86' lang='lat' dir='ltr'>pluviae</span> <span class='ocrx_word' id='word_1_64' title='bbox 1010 1717 1292 1803; x_wconf 89' lang='lat' dir='ltr'>instant,</span> <span class='ocrx_word' id='word_1_65' title='bbox 1321 1718 1667 1791; x_wconf 90' lang='lat' dir='ltr'>imbrium</span> <span class='ocrx_word' id='word_1_66' title='bbox 1698 1720 2084 1817; x_wconf 88' lang='lat' dir='ltr'>praesagia</span> <span class='ocrx_word' id='word_1_67' title='bbox 2127 1741 2387 1811; x_wconf 62' lang='grc' dir='ltr'><em>»σημεῖα</em></span> <span class='ocrx_word' id='word_1_68' title='bbox 2442 1721 2727 1790; x_wconf 71' lang='grc' dir='ltr'><em>ὑδάτων”</em></span> <span class='ocrx_word' id='word_1_69' title='bbox 2756 1718 2809 1815; x_wconf 83' lang='lat'>2)</span> 
     </span>
     <span class='ocr_line' id='line_1_11' title="bbox 467 1842 2809 1941; baseline 0.002 -29"><span class='ocrx_word' id='word_1_70' title='bbox 467 1842 916 1937; x_wconf 89' lang='lat' dir='ltr'>praebebant</span> <span class='ocrx_word' id='word_1_71' title='bbox 989 1842 1348 1940; x_wconf 86' lang='lat' dir='ltr'>agricolis,</span> <span class='ocrx_word' id='word_1_72' title='bbox 1421 1844 1546 1939; x_wconf 93' lang='lat' dir='ltr'>qui</span> <span class='ocrx_word' id='word_1_73' title='bbox 1603 1844 1779 1916; x_wconf 91' lang='lat' dir='ltr'>nihil</span> <span class='ocrx_word' id='word_1_74' title='bbox 1838 1844 1956 1917; x_wconf 86' lang='lat' dir='ltr'>vix</span> <span class='ocrx_word' id='word_1_75' title='bbox 2010 1857 2388 1941; x_wconf 90' lang='lat' dir='ltr'>tantopere</span> <span class='ocrx_word' id='word_1_76' title='bbox 2443 1843 2809 1917; x_wconf 91' lang='lat' dir='ltr'>desidera·</span> 
     </span>
     <span class='ocr_line' id='line_1_12' title="bbox 465 1967 2812 2060; baseline 0.002 -23"><span class='ocrx_word' id='word_1_77' title='bbox 465 1967 660 2051; x_wconf 90' lang='lat' dir='ltr'>bant,</span> <span class='ocrx_word' id='word_1_78' title='bbox 741 1991 963 2060; x_wconf 90' lang='lat' dir='ltr'>quam</span> <span class='ocrx_word' id='word_1_79' title='bbox 1049 1967 1392 2040; x_wconf 91' lang='lat' dir='ltr'>imbrium</span> <span class='ocrx_word' id='word_1_80' title='bbox 1476 1969 1626 2041; x_wconf 85' lang='lat' dir='ltr'>vim</span> <span class='ocrx_word' id='word_1_81' title='bbox 1709 1970 2120 2043; x_wconf 86' lang='lat' dir='ltr'>salutarem.</span> <span class='ocrx_word' id='word_1_82' title='bbox 2203 1970 2404 2042; x_wconf 89' lang='lat' dir='ltr'>Nam</span> <span class='ocrx_word' id='word_1_83' title='bbox 2490 1968 2672 2041; x_wconf 90' lang='lat' dir='ltr'>aridi</span> <span class='ocrx_word' id='word_1_84' title='bbox 2738 1983 2812 2042; x_wconf 91' lang='lat' dir='ltr'>et</span> 
     </span>
     <span class='ocr_line' id='line_1_13' title="bbox 465 2090 2811 2191; baseline 0.002 -27"><span class='ocrx_word' id='word_1_85' title='bbox 465 2090 815 2164; x_wconf 89' lang='lat' dir='ltr'>siticulosi</span> <span class='ocrx_word' id='word_1_86' title='bbox 890 2092 1246 2165; x_wconf 87' lang='lat' dir='ltr'>Graeciae</span> <span class='ocrx_word' id='word_1_87' title='bbox 1309 2094 1488 2190; x_wconf 86' lang='lat' dir='ltr'>agri,</span> <span class='ocrx_word' id='word_1_88' title='bbox 1563 2094 1987 2190; x_wconf 88' lang='lat' dir='ltr'>praesertim</span> <span class='ocrx_word' id='word_1_89' title='bbox 2046 2094 2114 2182; x_wconf 86' lang='lat' dir='ltr'>ii,</span> <span class='ocrx_word' id='word_1_90' title='bbox 2168 2094 2294 2190; x_wconf 93' lang='lat' dir='ltr'>qui</span> <span class='ocrx_word' id='word_1_91' title='bbox 2353 2094 2423 2166; x_wconf 93' lang='lat' dir='ltr'>in</span> <span class='ocrx_word' id='word_1_92' title='bbox 2480 2093 2811 2191; x_wconf 88' lang='lat' dir='ltr'>partibus</span> 
     </span>
     <span class='ocr_line' id='line_1_14' title="bbox 467 2216 2810 2316; baseline 0.002 -29"><span class='ocrx_word' id='word_1_93' title='bbox 467 2216 937 2290; x_wconf 90' lang='lat' dir='ltr'>orientalibus</span> <span class='ocrx_word' id='word_1_94' title='bbox 1009 2218 1124 2290; x_wconf 92' lang='lat' dir='ltr'>siti</span> <span class='ocrx_word' id='word_1_95' title='bbox 1197 2232 1383 2305; x_wconf 92' lang='lat' dir='ltr'>sunt,</span> <span class='ocrx_word' id='word_1_96' title='bbox 1455 2245 1747 2316; x_wconf 92' lang='lat' dir='ltr'>semper</span> <span class='ocrx_word' id='word_1_97' title='bbox 1800 2245 2022 2316; x_wconf 90' lang='lat' dir='ltr'>quam</span> <span class='ocrx_word' id='word_1_98' title='bbox 2082 2219 2397 2293; x_wconf 87' lang='lat' dir='ltr'>maxime</span> <span class='ocrx_word' id='word_1_99' title='bbox 2452 2244 2810 2314; x_wconf 89' lang='lat' dir='ltr'>aquarum</span> 
     </span>
     <span class='ocr_line' id='line_1_15' title="bbox 467 2337 2811 2444; baseline 0.001 -30"><span class='ocrx_word' id='word_1_100' title='bbox 467 2341 772 2438; x_wconf 90' lang='lat' dir='ltr'>penuria</span> <span class='ocrx_word' id='word_1_101' title='bbox 851 2344 1365 2416; x_wconf 86' lang='lat' dir='ltr'>laboraverunt</span> <span class='ocrx_word' id='word_1_102' title='bbox 1391 2337 1477 2444; x_wconf 64' lang='grc'>3);</span> <span class='ocrx_word' id='word_1_103' title='bbox 1561 2345 1910 2441; x_wconf 88' lang='lat' dir='ltr'>quocirca</span> <span class='ocrx_word' id='word_1_104' title='bbox 1983 2345 2342 2419; x_wconf 91' lang='lat' dir='ltr'>Pindarus</span> <span class='ocrx_word' id='word_1_105' title='bbox 2396 2343 2811 2441; x_wconf 88' lang='lat' dir='ltr'>Aeschylus</span> 
     </span>
     <span class='ocr_line' id='line_1_16' title="bbox 470 2466 2809 2568; baseline 0.001 -30"><span class='ocrx_word' id='word_1_106' title='bbox 470 2466 879 2563; x_wconf 88' lang='lat' dir='ltr'>Euripides,</span> <span class='ocrx_word' id='word_1_107' title='bbox 950 2468 1219 2541; x_wconf 89' lang='lat' dir='ltr'>summi</span> <span class='ocrx_word' id='word_1_108' title='bbox 1284 2495 1460 2543; x_wconf 92' lang='lat' dir='ltr'>sane</span> <span class='ocrx_word' id='word_1_109' title='bbox 1515 2485 1779 2568; x_wconf 90' lang='lat' dir='ltr'>poetae</span> <span class='ocrx_word' id='word_1_110' title='bbox 1835 2470 2120 2557; x_wconf 88' lang='lat' dir='ltr'>Graeci,</span> <span class='ocrx_word' id='word_1_111' title='bbox 2174 2470 2374 2543; x_wconf 90' lang='lat' dir='ltr'>haud</span> <span class='ocrx_word' id='word_1_112' title='bbox 2430 2468 2809 2567; x_wconf 84' lang='lat' dir='ltr'>dedignati</span> 
     </span>
     <span class='ocr_line' id='line_1_17' title="bbox 468 2573 2813 2694; baseline 0.002 -30"><span class='ocrx_word' id='word_1_113' title='bbox 468 2573 653 2665; x_wconf 83' lang='lat' dir='ltr'>sunt</span> <span class='ocrx_word' id='word_1_114' title='bbox 691 2592 1031 2666; x_wconf 92' lang='lat' dir='ltr'>imbrium</span> <span class='ocrx_word' id='word_1_115' title='bbox 1091 2595 1614 2693; x_wconf 84' lang='lat' dir='ltr'>benignitatem</span> <span class='ocrx_word' id='word_1_116' title='bbox 1665 2596 2108 2671; x_wconf 89' lang='lat' dir='ltr'>carminibus</span> <span class='ocrx_word' id='word_1_117' title='bbox 2138 2598 2506 2670; x_wconf 92' lang='lat' dir='ltr'>celebrare</span> <span class='ocrx_word' id='word_1_118' title='bbox 2532 2592 2602 2694; x_wconf 76' lang='lat'>⁴).</span> <span class='ocrx_word' id='word_1_119' title='bbox 2632 2596 2813 2669; x_wconf 92' lang='lat' dir='ltr'>Inde</span> 
     </span>
     <span class='ocr_line' id='line_1_18' title="bbox 470 2718 2813 2818; baseline 0.003 -29"><span class='ocrx_word' id='word_1_120' title='bbox 470 2718 693 2815; x_wconf 84' lang='lat' dir='ltr'>igitur</span> <span class='ocrx_word' id='word_1_121' title='bbox 746 2719 961 2815; x_wconf 93' lang='lat' dir='ltr'>plane</span> <span class='ocrx_word' id='word_1_122' title='bbox 1018 2719 1522 2818; x_wconf 60' lang='lat' dir='ltr'>intellegimus</span> <span class='ocrx_word' id='word_1_123' title='bbox 1579 2747 1710 2795; x_wconf 91' lang='lat' dir='ltr'>cur</span> <span class='ocrx_word' id='word_1_124' title='bbox 1766 2723 2031 2797; x_wconf 88' lang='lat' dir='ltr'>Graeci</span> <span class='ocrx_word' id='word_1_125' title='bbox 2078 2722 2278 2795; x_wconf 89' lang='lat' dir='ltr'>haud</span> <span class='ocrx_word' id='word_1_126' title='bbox 2327 2746 2491 2794; x_wconf 91' lang='lat' dir='ltr'>raro</span> <span class='ocrx_word' id='word_1_127' title='bbox 2525 2732 2813 2795; x_wconf 88' lang='lat' dir='ltr'>montes</span> 
     </span>
    </p>
   </div>
   <div class='ocr_carea' id='block_1_3' title="bbox 473 2901 897 2908">
    <p class='ocr_par' dir='ltr' id='par_1_3' title="bbox 473 2901 897 2908">
     <span class='ocr_line' id='line_1_19' title="bbox 473 2901 897 2908; baseline 0 2206"><span class='ocrx_word' id='word_1_128' title='bbox 473 2901 897 2908; x_wconf 95' lang='lat' dir='ltr'> </span> 
     </span>
    </p>
   </div>
   <div class='ocr_carea' id='block_1_4' title="bbox 544 3001 2816 3170">
    <p class='ocr_par' dir='ltr' id='par_1_4' title="bbox 544 3001 2816 3170">
     <span class='ocr_line' id='line_1_20' title="bbox 548 3001 2489 3074; baseline 0.002 -20"><span class='ocrx_word' id='word_1_129' title='bbox 548 3008 592 3068; x_wconf 79' lang='grc' dir='ltr'>ι)</span> <span class='ocrx_word' id='word_1_130' title='bbox 630 3008 708 3055; x_wconf 81' lang='lat' dir='ltr'>Cf.</span> <span class='ocrx_word' id='word_1_131' title='bbox 747 3023 874 3071; x_wconf 87' lang='lat' dir='ltr'>quae</span> <span class='ocrx_word' id='word_1_132' title='bbox 912 3008 975 3056; x_wconf 93' lang='lat' dir='ltr'>de</span> <span class='ocrx_word' id='word_1_133' title='bbox 1016 3001 1163 3070; x_wconf 69' lang='grc' dir='ltr'>Διὸς</span> <span class='ocrx_word' id='word_1_134' title='bbox 1204 3012 1467 3064; x_wconf 80' lang='grc' dir='ltr'><strong><em>Λυκαίου</em></strong></span> <span class='ocrx_word' id='word_1_135' title='bbox 1505 3011 1640 3059; x_wconf 89' lang='lat' dir='ltr'>cultu</span> <span class='ocrx_word' id='word_1_136' title='bbox 1675 3011 2170 3059; x_wconf 78' lang='lat' dir='ltr'>commemoravimus</span> <span class='ocrx_word' id='word_1_137' title='bbox 2206 3026 2291 3074; x_wconf 90' lang='lat' dir='ltr'>pp.</span> <span class='ocrx_word' id='word_1_138' title='bbox 2322 3021 2385 3072; x_wconf 90' lang='lat'>33</span> <span class='ocrx_word' id='word_1_139' title='bbox 2415 3025 2489 3072; x_wconf 92' lang='lat' dir='ltr'>sq.</span> 
     </span>
     <span class='ocr_line' id='line_1_21' title="bbox 544 3101 2816 3170; baseline 0.002 -23"><span class='ocrx_word' id='word_1_140' title='bbox 544 3102 592 3162; x_wconf 89' lang='lat'>2)</span> <span class='ocrx_word' id='word_1_141' title='bbox 630 3101 711 3151; x_wconf 82' lang='lat' dir='ltr'>cf.</span> <span class='ocrx_word' id='word_1_142' title='bbox 750 3101 1082 3166; x_wconf 82' lang='lat' dir='ltr'>Theophrast.</span> <span class='ocrx_word' id='word_1_143' title='bbox 1121 3105 1203 3153; x_wconf 86' lang='lat' dir='ltr'>De</span> <span class='ocrx_word' id='word_1_144' title='bbox 1237 3106 1365 3168; x_wconf 87' lang='lat' dir='ltr'>sign.</span> <span class='ocrx_word' id='word_1_145' title='bbox 1404 3114 1555 3170; x_wconf 87' lang='lat' dir='ltr'>temp,</span> <span class='ocrx_word' id='word_1_146' title='bbox 1595 3108 1620 3154; x_wconf 94' lang='lat' dir='ltr'>I</span> <span class='ocrx_word' id='word_1_147' title='bbox 1660 3120 1718 3169; x_wconf 84' lang='lat'>33</span> <span class='ocrx_word' id='word_1_148' title='bbox 1758 3108 1812 3154; x_wconf 94' lang='lat' dir='ltr'>II</span> <span class='ocrx_word' id='word_1_149' title='bbox 1852 3120 1935 3169; x_wconf 90' lang='lat'>31,</span> <span class='ocrx_word' id='word_1_150' title='bbox 1977 3119 2066 3169; x_wconf 81' lang='lat'>343</span> <span class='ocrx_word' id='word_1_151' title='bbox 2106 3107 2190 3154; x_wconf 92' lang='lat' dir='ltr'>III</span> <span class='ocrx_word' id='word_1_152' title='bbox 2228 3119 2310 3169; x_wconf 89' lang='lat'>43,</span> <span class='ocrx_word' id='word_1_153' title='bbox 2352 3116 2435 3169; x_wconf 87' lang='lat'>45,</span> <span class='ocrx_word' id='word_1_154' title='bbox 2477 3115 2568 3167; x_wconf 91' lang='lat'>47;</span> <span class='ocrx_word' id='word_1_155' title='bbox 2610 3105 2692 3152; x_wconf 90' lang='lat' dir='ltr'>IV</span> <span class='ocrx_word' id='word_1_156' title='bbox 2728 3115 2816 3167; x_wconf 85' lang='lat'>51.</span> 
     </span>
    </p>
   </div>
   <div class='ocr_carea' id='block_1_5' title="bbox 3140 2581 3144 3252">
    <p class='ocr_par' dir='ltr' id='par_1_5' title="bbox 3140 2581 3144 3252">
     <span class='ocr_line' id='line_1_22' title="bbox 3140 2581 3144 3252; baseline 0 0"><span class='ocrx_word' id='word_1_157' title='bbox 3140 2581 3144 3252; x_wconf 95' lang='lat' dir='ltr'> </span> 
     </span>
    </p>
   </div>
   <div class='ocr_carea' id='block_1_6' title="bbox 471 3191 2901 3267">
    <p class='ocr_par' dir='ltr' id='par_1_6' title="bbox 471 3191 2901 3267">
     <span class='ocr_line' id='line_1_23' title="bbox 471 3191 2901 3267; baseline 0.002 -29"><span class='ocrx_word' id='word_1_158' title='bbox 471 3192 614 3239; x_wconf 91' lang='lat' dir='ltr'>Idem</span> <span class='ocrx_word' id='word_1_159' title='bbox 652 3191 791 3256; x_wconf 88' lang='lat' dir='ltr'>plura</span> <span class='ocrx_word' id='word_1_160' title='bbox 828 3194 1053 3257; x_wconf 85' lang='lat' dir='ltr'>exempla</span> <span class='ocrx_word' id='word_1_161' title='bbox 1089 3193 1275 3267; x_wconf 62' lang='lat'>’‘59⁰3&#39;&#39;</span> <span class='ocrx_word' id='word_1_162' title='bbox 1315 3195 1719 3266; x_wconf 53' lang='lat' dir='ltr'>oquvuuffiv&#39;*</span> <span class='ocrx_word' id='word_1_163' title='bbox 1756 3204 2125 3245; x_wconf 82' lang='lat' dir='ltr'>commemorat.</span> <span class='ocrx_word' id='word_1_164' title='bbox 2174 3196 2319 3244; x_wconf 91' lang='lat' dir='ltr'>Haec</span> <span class='ocrx_word' id='word_1_165' title='bbox 2355 3201 2496 3243; x_wconf 86' lang='lat' dir='ltr'>sunt:</span> <span class='ocrx_word' id='word_1_166' title='bbox 2534 3195 2817 3257; x_wconf 89' lang='lat' dir='ltr'>Hymettus</span> <span class='ocrx_word' id='word_1_167' title='bbox 2891 3193 2901 3201; x_wconf 82' lang='grc'><strong>“</strong></span> 
     </span>
    </p>
   </div>
   <div class='ocr_carea' id='block_1_7' title="bbox 471 3283 2819 3628">
    <p class='ocr_par' dir='ltr' id='par_1_7' title="bbox 471 3283 2814 3449">
     <span class='ocr_line' id='line_1_24' title="bbox 471 3283 2814 3354; baseline 0.001 -22"><span class='ocrx_word' id='word_1_168' title='bbox 471 3286 634 3332; x_wconf 89' lang='lat' dir='ltr'>minor</span> <span class='ocrx_word' id='word_1_169' title='bbox 683 3294 733 3334; x_wconf 90' lang='lat' dir='ltr'>et</span> <span class='ocrx_word' id='word_1_170' title='bbox 779 3287 937 3335; x_wconf 90' lang='lat' dir='ltr'>maior</span> <span class='ocrx_word' id='word_1_171' title='bbox 972 3289 1016 3349; x_wconf 92' lang='grc' dir='ltr'>(Ι</span> <span class='ocrx_word' id='word_1_172' title='bbox 1056 3301 1155 3353; x_wconf 79' lang='grc'>20),</span> <span class='ocrx_word' id='word_1_173' title='bbox 1195 3291 1373 3339; x_wconf 89' lang='lat' dir='ltr'>Pelion</span> <span class='ocrx_word' id='word_1_174' title='bbox 1409 3292 1453 3353; x_wconf 94' lang='grc' dir='ltr'>(Ι</span> <span class='ocrx_word' id='word_1_175' title='bbox 1493 3294 1594 3352; x_wconf 88' lang='lat'>22),</span> <span class='ocrx_word' id='word_1_176' title='bbox 1633 3291 1859 3354; x_wconf 86' lang='lat' dir='ltr'>Aeginae</span> <span class='ocrx_word' id='word_1_177' title='bbox 1895 3306 2042 3339; x_wconf 89' lang='lat' dir='ltr'>mons</span> <span class='ocrx_word' id='word_1_178' title='bbox 2081 3283 2233 3351; x_wconf 81' lang='grc' dir='ltr'><em>Διὸς</em></span> <span class='ocrx_word' id='word_1_179' title='bbox 2275 3285 2588 3342; x_wconf 77' lang='grc' dir='ltr'><strong><em>Ἑλλανίου</em></strong></span> <span class='ocrx_word' id='word_1_180' title='bbox 2626 3291 2671 3350; x_wconf 82' lang='grc' dir='ltr'>(Ι</span> <span class='ocrx_word' id='word_1_181' title='bbox 2713 3290 2814 3351; x_wconf 88' lang='lat'>24),</span> 
     </span>
     <span class='ocr_line' id='line_1_25' title="bbox 471 3381 1702 3449; baseline 0.008 -22"><span class='ocrx_word' id='word_1_182' title='bbox 471 3381 657 3428; x_wconf 88' lang='lat' dir='ltr'>Parnes</span> <span class='ocrx_word' id='word_1_183' title='bbox 694 3381 930 3431; x_wconf 87' lang='lat' dir='ltr'>Brilettus</span> <span class='ocrx_word' id='word_1_184' title='bbox 967 3383 1214 3449; x_wconf 90' lang='lat' dir='ltr'>Olympus</span> <span class='ocrx_word' id='word_1_185' title='bbox 1252 3384 1423 3435; x_wconf 91' lang='lat' dir='ltr'>Athos</span> <span class='ocrx_word' id='word_1_186' title='bbox 1460 3387 1559 3440; x_wconf 92' lang='grc' dir='ltr'><strong>(ΙΙΙ</strong></span> <span class='ocrx_word' id='word_1_187' title='bbox 1598 3389 1702 3449; x_wconf 89' lang='lat'>43).</span> 
     </span>
    </p>

    <p class='ocr_par' dir='ltr' id='par_1_8' title="bbox 472 3470 2819 3628">
     <span class='ocr_line' id='line_1_26' title="bbox 545 3470 2819 3540; baseline 0.001 -22"><span class='ocrx_word' id='word_1_188' title='bbox 545 3470 594 3532; x_wconf 89' lang='lat'>3)</span> <span class='ocrx_word' id='word_1_189' title='bbox 632 3470 713 3521; x_wconf 87' lang='lat' dir='ltr'>Cf.</span> <span class='ocrx_word' id='word_1_190' title='bbox 750 3472 939 3521; x_wconf 88' lang='lat' dir='ltr'>Neum.</span> <span class='ocrx_word' id='word_1_191' title='bbox 977 3491 1025 3523; x_wconf 89' lang='lat' dir='ltr'>u.</span> <span class='ocrx_word' id='word_1_192' title='bbox 1069 3474 1291 3533; x_wconf 86' lang='lat' dir='ltr'>Partsch,</span> <span class='ocrx_word' id='word_1_193' title='bbox 1331 3475 1538 3540; x_wconf 89' lang='lat' dir='ltr'>Physik.</span> <span class='ocrx_word' id='word_1_194' title='bbox 1577 3477 1756 3538; x_wconf 80' lang='lat' dir='ltr'>Geogr.</span> <span class='ocrx_word' id='word_1_195' title='bbox 1794 3492 1843 3525; x_wconf 88' lang='lat' dir='ltr'>v.</span> <span class='ocrx_word' id='word_1_196' title='bbox 1882 3475 2165 3525; x_wconf 88' lang='lat' dir='ltr'>Griechenl.</span> <span class='ocrx_word' id='word_1_197' title='bbox 2199 3491 2249 3539; x_wconf 92' lang='lat' dir='ltr'>p.</span> <span class='ocrx_word' id='word_1_198' title='bbox 2290 3473 2386 3534; x_wconf 86' lang='lat'>76:</span> <span class='ocrx_word' id='word_1_199' title='bbox 2428 3488 2551 3532; x_wconf 89' lang='lat' dir='ltr'>„aus</span> <span class='ocrx_word' id='word_1_200' title='bbox 2589 3473 2706 3521; x_wconf 92' lang='lat' dir='ltr'>dem</span> <span class='ocrx_word' id='word_1_201' title='bbox 2726 3489 2819 3521; x_wconf 88' lang='lat' dir='ltr'>vor</span> 
     </span>
     <span class='ocr_line' id='line_1_27' title="bbox 472 3561 2818 3628; baseline 0.002 -21"><span class='ocrx_word' id='word_1_202' title='bbox 472 3561 634 3608; x_wconf 83' lang='lat' dir='ltr'>Diirre</span> <span class='ocrx_word' id='word_1_203' title='bbox 687 3562 1193 3612; x_wconf 84' lang='lat' dir='ltr'>versehmachtenden</span> <span class='ocrx_word' id='word_1_204' title='bbox 1250 3566 1409 3614; x_wconf 86' lang='lat' dir='ltr'>Osten</span> <span class='ocrx_word' id='word_1_205' title='bbox 1465 3566 1553 3613; x_wconf 88' lang='lat' dir='ltr'>des</span> <span class='ocrx_word' id='word_1_206' title='bbox 1611 3566 1811 3613; x_wconf 85' lang='lat' dir='ltr'>Landes</span> <span class='ocrx_word' id='word_1_207' title='bbox 1867 3565 2058 3628; x_wconf 82' lang='lat' dir='ltr'>stiegen</span> <span class='ocrx_word' id='word_1_208' title='bbox 2112 3565 2194 3612; x_wconf 88' lang='lat' dir='ltr'>die</span> <span class='ocrx_word' id='word_1_209' title='bbox 2250 3563 2443 3613; x_wconf 90' lang='lat' dir='ltr'>Gebete</span> <span class='ocrx_word' id='word_1_210' title='bbox 2488 3578 2664 3626; x_wconf 87' lang='lat' dir='ltr'>empor</span> <span class='ocrx_word' id='word_1_211' title='bbox 2701 3578 2818 3611; x_wconf 89' lang='lat' dir='ltr'>zum</span> 
     </span>
    </p>
   </div>
   <div class='ocr_carea' id='block_1_8' title="bbox 471 3651 2819 3806">
    <p class='ocr_par' dir='ltr' id='par_1_9' title="bbox 471 3651 2819 3806">
     <span class='ocr_line' id='line_1_28' title="bbox 472 3651 2819 3718; baseline 0.002 -21"><span class='ocrx_word' id='word_1_212' title='bbox 472 3651 831 3713; x_wconf 87' lang='lat' dir='ltr'>Himmelsgott</span> <span class='ocrx_word' id='word_1_213' title='bbox 884 3651 957 3699; x_wconf 86' lang='lat' dir='ltr'>als</span> <span class='ocrx_word' id='word_1_214' title='bbox 1013 3652 1127 3701; x_wconf 90' lang='lat' dir='ltr'>dem</span> <span class='ocrx_word' id='word_1_215' title='bbox 1164 3653 1283 3702; x_wconf 89' lang='lat' dir='ltr'>bald</span> <span class='ocrx_word' id='word_1_216' title='bbox 1320 3662 1484 3718; x_wconf 86' lang='lat' dir='ltr'>streng</span> <span class='ocrx_word' id='word_1_217' title='bbox 1522 3655 1874 3718; x_wconf 87' lang='lat' dir='ltr'>versagenden‚</span> <span class='ocrx_word' id='word_1_218' title='bbox 1913 3655 2031 3703; x_wconf 87' lang='lat' dir='ltr'>bald</span> <span class='ocrx_word' id='word_1_219' title='bbox 2066 3654 2248 3717; x_wconf 65' lang='lat' dir='ltr'>gn’aldig</span> <span class='ocrx_word' id='word_1_220' title='bbox 2285 3652 2609 3717; x_wconf 89' lang='lat' dir='ltr'>spendenden</span> <span class='ocrx_word' id='word_1_221' title='bbox 2645 3652 2819 3701; x_wconf 88' lang='lat' dir='ltr'>Herrn</span> 
     </span>
     <span class='ocr_line' id='line_1_29' title="bbox 471 3738 1356 3806; baseline 0.005 -19"><span class='ocrx_word' id='word_1_222' title='bbox 471 3738 924 3804; x_wconf 69' lang='lat' dir='ltr'>atmosphiirischer</span> <span class='ocrx_word' id='word_1_223' title='bbox 959 3741 1356 3806; x_wconf 89' lang='lat' dir='ltr'>Feuchtigkeit.‘’</span> 
     </span>
    </p>
   </div>
   <div class='ocr_carea' id='block_1_9' title="bbox 471 3830 2825 4448">
    <p class='ocr_par' dir='ltr' id='par_1_10' title="bbox 471 3830 2823 4169">
     <span class='ocr_line' id='line_1_30' title="bbox 544 3830 2821 3898; baseline 0.001 -20"><span class='ocrx_word' id='word_1_224' title='bbox 544 3830 718 3878; x_wconf 88' lang='lat' dir='ltr'>Graeci</span> <span class='ocrx_word' id='word_1_225' title='bbox 755 3830 904 3879; x_wconf 84' lang='lat' dir='ltr'>etiam</span> <span class='ocrx_word' id='word_1_226' title='bbox 942 3847 1073 3881; x_wconf 90' lang='lat' dir='ltr'>nunc</span> <span class='ocrx_word' id='word_1_227' title='bbox 1107 3849 1345 3895; x_wconf 86' lang='lat' dir='ltr'>aquarum</span> <span class='ocrx_word' id='word_1_228' title='bbox 1381 3834 1550 3898; x_wconf 90' lang='lat' dir='ltr'>inopia</span> <span class='ocrx_word' id='word_1_229' title='bbox 1588 3848 1735 3897; x_wconf 87' lang='lat' dir='ltr'>saepe</span> <span class='ocrx_word' id='word_1_230' title='bbox 1773 3838 2076 3897; x_wconf 90' lang='lat' dir='ltr'>premuntur,</span> <span class='ocrx_word' id='word_1_231' title='bbox 2103 3848 2204 3897; x_wconf 90' lang='lat' dir='ltr'>quo</span> <span class='ocrx_word' id='word_1_232' title='bbox 2229 3833 2413 3881; x_wconf 87' lang='lat' dir='ltr'>factum</span> <span class='ocrx_word' id='word_1_233' title='bbox 2439 3836 2531 3889; x_wconf 84' lang='lat' dir='ltr'>est,</span> <span class='ocrx_word' id='word_1_234' title='bbox 2559 3839 2615 3879; x_wconf 93' lang='lat' dir='ltr'>ut</span> <span class='ocrx_word' id='word_1_235' title='bbox 2632 3830 2821 3880; x_wconf 89' lang='lat' dir='ltr'>locutio</span> 
     </span>
     <span class='ocr_line' id='line_1_31' title="bbox 476 3917 2822 3995; baseline -0.002 -20"><span class='ocrx_word' id='word_1_236' title='bbox 476 3921 625 3986; x_wconf 66' lang='lat' dir='ltr'>„coir</span> <span class='ocrx_word' id='word_1_237' title='bbox 684 3917 822 3995; x_wconf 78' lang='grc' dir='ltr'>κρυὸ</span> <span class='ocrx_word' id='word_1_238' title='bbox 881 3920 1043 3995; x_wconf 50' lang='lat' dir='ltr'>repom</span> <span class='ocrx_word' id='word_1_239' title='bbox 1103 3925 1135 3972; x_wconf 89' lang='lat' dir='ltr'>i.</span> <span class='ocrx_word' id='word_1_240' title='bbox 1175 3939 1218 3973; x_wconf 87' lang='lat' dir='ltr'>e.</span> <span class='ocrx_word' id='word_1_241' title='bbox 1278 3923 1454 3988; x_wconf 88' lang='lat' dir='ltr'>„quasi</span> <span class='ocrx_word' id='word_1_242' title='bbox 1511 3941 1639 3988; x_wconf 87' lang='lat' dir='ltr'>aqua</span> <span class='ocrx_word' id='word_1_243' title='bbox 1694 3923 1900 3987; x_wconf 84' lang='lat' dir='ltr'>frigida”</span> <span class='ocrx_word' id='word_1_244' title='bbox 1957 3924 2009 3971; x_wconf 92' lang='lat' dir='ltr'>in</span> <span class='ocrx_word' id='word_1_245' title='bbox 2046 3921 2361 3987; x_wconf 88' lang='lat' dir='ltr'>proverbium</span> <span class='ocrx_word' id='word_1_246' title='bbox 2399 3921 2617 3970; x_wconf 86' lang='lat' dir='ltr'>cesserit.</span> <span class='ocrx_word' id='word_1_247' title='bbox 2675 3922 2822 3984; x_wconf 79' lang='lat' dir='ltr'>Quae</span> 
     </span>
     <span class='ocr_line' id='line_1_32' title="bbox 473 4013 2823 4083; baseline -0 -17"><span class='ocrx_word' id='word_1_248' title='bbox 473 4018 676 4083; x_wconf 90' lang='lat' dir='ltr'>quidem</span> <span class='ocrx_word' id='word_1_249' title='bbox 713 4018 899 4067; x_wconf 89' lang='lat' dir='ltr'>locutio</span> <span class='ocrx_word' id='word_1_250' title='bbox 935 4018 998 4066; x_wconf 93' lang='lat' dir='ltr'>ab</span> <span class='ocrx_word' id='word_1_251' title='bbox 1036 4019 1095 4066; x_wconf 90' lang='lat' dir='ltr'>iis</span> <span class='ocrx_word' id='word_1_252' title='bbox 1132 4018 1395 4067; x_wconf 87' lang='lat' dir='ltr'>adhibetur</span> <span class='ocrx_word' id='word_1_253' title='bbox 1430 4018 1494 4067; x_wconf 85' lang='lat' dir='ltr'>ad</span> <span class='ocrx_word' id='word_1_254' title='bbox 1532 4018 1847 4067; x_wconf 84' lang='lat' dir='ltr'>indicandam</span> <span class='ocrx_word' id='word_1_255' title='bbox 1884 4033 2004 4075; x_wconf 84' lang='lat' dir='ltr'>rem,</span> <span class='ocrx_word' id='word_1_256' title='bbox 2044 4032 2172 4081; x_wconf 88' lang='lat' dir='ltr'>quae</span> <span class='ocrx_word' id='word_1_257' title='bbox 2208 4031 2325 4080; x_wconf 88' lang='lat' dir='ltr'>prae</span> <span class='ocrx_word' id='word_1_258' title='bbox 2352 4013 2525 4063; x_wconf 90' lang='lat' dir='ltr'>ceteris</span> <span class='ocrx_word' id='word_1_259' title='bbox 2547 4015 2601 4062; x_wconf 91' lang='lat' dir='ltr'>in</span> <span class='ocrx_word' id='word_1_260' title='bbox 2626 4014 2823 4065; x_wconf 89' lang='lat' dir='ltr'>deliciis</span> 
     </span>
     <span class='ocr_line' id='line_1_33' title="bbox 471 4105 2821 4169; baseline -0.001 -12"><span class='ocrx_word' id='word_1_261' title='bbox 471 4108 675 4157; x_wconf 86' lang='lat' dir='ltr'>habent.</span> <span class='ocrx_word' id='word_1_262' title='bbox 728 4108 807 4157; x_wconf 82' lang='lat' dir='ltr'>Cf.</span> <span class='ocrx_word' id='word_1_263' title='bbox 848 4108 906 4156; x_wconf 91' lang='lat' dir='ltr'>C.</span> <span class='ocrx_word' id='word_1_264' title='bbox 944 4105 1301 4166; x_wconf 88' lang='lat' dir='ltr'>Wachsmuth,</span> <span class='ocrx_word' id='word_1_265' title='bbox 1340 4108 1484 4166; x_wconf 91' lang='lat' dir='ltr'>„Das</span> <span class='ocrx_word' id='word_1_266' title='bbox 1520 4108 1619 4156; x_wconf 87' lang='lat' dir='ltr'>alte</span> <span class='ocrx_word' id='word_1_267' title='bbox 1657 4106 1935 4156; x_wconf 88' lang='lat' dir='ltr'>Griechenl.</span> <span class='ocrx_word' id='word_1_268' title='bbox 1974 4108 2042 4153; x_wconf 91' lang='lat' dir='ltr'>im</span> <span class='ocrx_word' id='word_1_269' title='bbox 2079 4105 2273 4154; x_wconf 90' lang='lat' dir='ltr'>neuen’&#39;</span> <span class='ocrx_word' id='word_1_270' title='bbox 2313 4121 2364 4169; x_wconf 92' lang='lat' dir='ltr'>p.</span> <span class='ocrx_word' id='word_1_271' title='bbox 2405 4114 2488 4167; x_wconf 85' lang='lat'>51.</span> <span class='ocrx_word' id='word_1_272' title='bbox 2526 4106 2690 4153; x_wconf 91' lang='lat' dir='ltr'>Anm.</span> <span class='ocrx_word' id='word_1_273' title='bbox 2736 4117 2821 4166; x_wconf 88' lang='lat'>19.</span> 
     </span>
    </p>

    <p class='ocr_par' dir='ltr' id='par_1_11' title="bbox 475 4188 2825 4448">
     <span class='ocr_line' id='line_1_34' title="bbox 548 4188 2823 4269; baseline 0 -24"><span class='ocrx_word' id='word_1_274' title='bbox 548 4200 599 4259; x_wconf 89' lang='lat'>4)</span> <span class='ocrx_word' id='word_1_275' title='bbox 636 4197 843 4245; x_wconf 88' lang='lat' dir='ltr'>Pindari</span> <span class='ocrx_word' id='word_1_276' title='bbox 879 4212 1078 4245; x_wconf 90' lang='lat' dir='ltr'>carmen</span> <span class='ocrx_word' id='word_1_277' title='bbox 1113 4198 1327 4261; x_wconf 89' lang='lat' dir='ltr'>primum</span> <span class='ocrx_word' id='word_1_278' title='bbox 1366 4198 1537 4261; x_wconf 90' lang='lat' dir='ltr'>incipit</span> <span class='ocrx_word' id='word_1_279' title='bbox 1572 4214 1604 4245; x_wconf 86' lang='lat' dir='ltr'>a</span> <span class='ocrx_word' id='word_1_280' title='bbox 1639 4197 1803 4244; x_wconf 84' lang='lat' dir='ltr'>verbis</span> <span class='ocrx_word' id='word_1_281' title='bbox 1844 4195 2166 4269; x_wconf 74' lang='grc' dir='ltr'>,,”’Λριστον</span> <span class='ocrx_word' id='word_1_282' title='bbox 2190 4188 2295 4265; x_wconf 77' lang='grc' dir='ltr'>μὲν</span> <span class='ocrx_word' id='word_1_283' title='bbox 2325 4190 2550 4267; x_wconf 65' lang='grc' dir='ltr'><em>ὕδωρ”.’</em></span> <span class='ocrx_word' id='word_1_284' title='bbox 2582 4191 2660 4242; x_wconf 85' lang='lat' dir='ltr'>Cf·</span> <span class='ocrx_word' id='word_1_285' title='bbox 2681 4208 2823 4257; x_wconf 83' lang='lat' dir='ltr'>prae-</span> 
     </span>
     <span class='ocr_line' id='line_1_35' title="bbox 475 4288 2825 4357; baseline -0.001 -16"><span class='ocrx_word' id='word_1_286' title='bbox 475 4301 609 4341; x_wconf 87' lang='lat' dir='ltr'>terea</span> <span class='ocrx_word' id='word_1_287' title='bbox 644 4291 887 4356; x_wconf 91' lang='lat' dir='ltr'>Aeschyli</span> <span class='ocrx_word' id='word_1_288' title='bbox 924 4293 1096 4356; x_wconf 87' lang='lat' dir='ltr'>fragm.</span> <span class='ocrx_word' id='word_1_289' title='bbox 1134 4293 1268 4357; x_wconf 89' lang='lat' dir='ltr'>apud</span> <span class='ocrx_word' id='word_1_290' title='bbox 1305 4292 1495 4342; x_wconf 90' lang='lat' dir='ltr'>Athen.</span> <span class='ocrx_word' id='word_1_291' title='bbox 1534 4292 1680 4340; x_wconf 91' lang='lat' dir='ltr'>XIII</span> <span class='ocrx_word' id='word_1_292' title='bbox 1716 4307 1766 4355; x_wconf 92' lang='lat' dir='ltr'>p.</span> <span class='ocrx_word' id='word_1_293' title='bbox 1808 4291 1911 4339; x_wconf 90' lang='lat'>600</span> <span class='ocrx_word' id='word_1_294' title='bbox 1931 4298 1981 4340; x_wconf 92' lang='lat' dir='ltr'>et</span> <span class='ocrx_word' id='word_1_295' title='bbox 1999 4292 2254 4357; x_wconf 81' lang='lat' dir='ltr'>Euripidis</span> <span class='ocrx_word' id='word_1_296' title='bbox 2274 4292 2448 4355; x_wconf 83' lang='lat' dir='ltr'>fragm.</span> <span class='ocrx_word' id='word_1_297' title='bbox 2469 4288 2602 4353; x_wconf 86' lang='lat' dir='ltr'>apud</span> <span class='ocrx_word' id='word_1_298' title='bbox 2624 4288 2825 4340; x_wconf 88' lang='lat' dir='ltr'>Athen.</span> 
     </span>
     <span class='ocr_line' id='line_1_36' title="bbox 477 4381 927 4448; baseline 0 -16"><span class='ocrx_word' id='word_1_299' title='bbox 477 4381 621 4432; x_wconf 87' lang='lat' dir='ltr'>XIII</span> <span class='ocrx_word' id='word_1_300' title='bbox 658 4399 710 4448; x_wconf 92' lang='lat' dir='ltr'>p.</span> <span class='ocrx_word' id='word_1_301' title='bbox 751 4392 852 4445; x_wconf 88' lang='lat'>599</span> <span class='ocrx_word' id='word_1_302' title='bbox 891 4383 927 4432; x_wconf 89' lang='lat' dir='ltr'>f.</span> 
     </span>
    </p>
   </div>
  </div>
 </body>
</html>
