3144 5114
1501 503 1596 589 85

370 710 590 808 origo
657 711 893 785 cultus
958 711 1267 785 deorum
1346 706 1417 783 in
1486 706 1668 784 locis
1724 708 1933 782 editis
1990 711 2190 805 apud
2247 711 2576 785 Graecos
2631 712 2733 784 ad

365 838 630 932 gentes
685 833 1069 909 Semiticas
1125 836 1374 911 referri
1404 834 1670 933 possit;
1714 857 1975 907 vereor
2001 833 2356 930 profecto,
2384 821 2476 908 ne
2503 834 2722 909 talem

366 959 802 1033 sententiam
857 958 917 1032 si
974 959 1479 1047 defendamus,
1537 958 1950 1032 incidamus
2006 957 2077 1031 in
2135 958 2472 1033 vitiosam
2529 960 2725 1032 illam

372 1082 825 1169 methodum,
905 1109 1129 1180 supra
1202 1112 1247 1159 a
1329 1112 1450 1159 me
1532 1083 2045 1179 improbatam,
2130 1109 2277 1178 qua
2340 1083 2474 1157 viri
2527 1084 2732 1157 docti

371 1232 596 1303 saepe
650 1233 756 1294 ea,
811 1234 1002 1305 quae
1057 1235 1102 1282 a
1157 1212 1614 1284 Graecorum
1677 1206 2006 1280 moribus
2061 1208 2284 1303 paulo
2333 1207 2730 1282 abhorrere

371 1330 731 1418 videntur,
776 1331 1018 1405 statim
1067 1335 1162 1406 ad
1199 1331 1540 1431 'exempla
1581 1331 1929 1407 Semitica
1977 1356 2325 1406 revocare
2354 1346 2729 1407 conantur.

484 1457 606 1529 Ne
659 1481 992 1530 summus
1048 1459 1347 1553 quidem
1408 1457 1889 1555 mythologus
1947 1456 2432 1531 Germanicus
2470 1460 2730 1531 Mann—

371 1580 591 1653 hardt
646 1579 901 1654 falsam
985 1581 1174 1656 hanc
1231 1582 1757 1678 interpretandi
1815 1580 2169 1654 rationem
2229 1582 2493 1656 vitasse
2549 1583 2725 1655 mihi

373 1704 681 1790 videtur,
774 1706 1047 1802 quippe
1139 1707 1264 1802 qui
1347 1707 1565 1780 etiam
1650 1719 2151 1802 pervetustum
2240 1719 2383 1788 Διὸς
2440 1717 2726 1777 Λυκαίου

375 1828 651 1901 cultum
728 1829 1087 1926 originem
1163 1857 1208 1904 a
1279 1831 1773 1904 Phoenicibus
1846 1830 2150 1903 traxisse
2203 1843 2510 1926 putaret.
2569 1831 2730 1901 Hu-

379 1979 597 2026 mana
677 1954 867 2026 enim
952 1954 1074 2027 illa
1152 1955 1528 2041 sacrificia,
1613 1955 1708 2027 de
1792 1954 2058 2049 quibus
2143 1980 2366 2050 supra
2390 1949 2443 2053 1)
2500 1941 2730 2027 fusius

378 2077 518 2174 egi,
565 2104 788 2172 quam
839 2080 1154 2152 maxime
1203 2106 1246 2152 a
1286 2082 1742 2154 Graecorum
1776 2078 2102 2152 moribus
2129 2078 2466 2175 genuinis
2495 2077 2733 2150 aliena

378 2201 601 2275 fuisse
673 2204 1055 2299 perhibuit,
1113 2198 1619 2299 quamobrem,
1675 2203 2011 2296 quamvis
2066 2202 2503 2292 dubitanter,
2562 2227 2734 2275 con—

378 2326 561 2412 iecit,
616 2327 1024 2402 Phoenices
1078 2330 1300 2401 deum
1356 2353 1572 2401 suum
1639 2328 1816 2399 »El’'
1863 2328 1958 2399 ad
2004 2328 2339 2400 Arcades
2366 2341 2735 2423 transpor-

378 2451 646 2525 tavisse
681 2449 750 2550 2>.
807 2453 1031 2526 Cuius
1087 2466 1329 2526 autem
1362 2452 1493 2525 viri
1532 2452 1732 2524 docti
1770 2451 2139 2537 sententia,
2178 2477 2398 2546 quam
2438 2452 2662 2549 longe
2688 2478 2737 2524 a

379 2576 680 2650 veritate
729 2578 934 2664 absit,
980 2577 1191 2651 facile
1245 2591 1600 2674 agnoscet
1647 2577 2090 2672 quicumque
2137 2590 2210 2650 et
2256 2590 2399 2659 Διὸς
2444 2588 2733 2649 Λυκαίου

381 2715 455 2775 et
537 2701 844 2774 aliorum
929 2703 1236 2775 deorum
1314 2703 1384 2774 in
1460 2702 1833 2774 montibus
1907 2701 2271 2774 cultorum
2327 2700 2733 2797 peculiares

381 2825 880 2912 caerimonias,
937 2827 1187 2922 quales
1244 2840 1485 2900 essent
1538 2825 1762 2922 paulo
1820 2825 2229 2899 accuratius
2284 2850 2536 2899 secum
2576 2850 2737 2921 per·

380 2952 733 3048 penderit.
816 2953 896 3023 In
961 2951 1460 3047 superioribus
1516 2952 1708 3024 enim
1765 2951 2098 3047 pluribus
2153 2950 2503 3047 exemplis
2557 2950 2732 3023 satis

379 3076 624 3149 lucide
688 3076 1094 3149 ostendisse
1151 3076 1325 3148 mihi
1380 3075 1654 3162 videor,
1710 3075 1780 3146 in
1837 3065 2340 3149 vetustissimis
2396 3075 2532 3148 illis
2589 3074 2737 3147 cul-

380 3201 578 3273 tibus
662 3200 736 3272 id
820 3200 1060 3296 ipsum
1144 3201 1427 3296 insigne
1510 3213 1730 3295 atque
1811 3199 2131 3272 notabile
2204 3189 2443 3286 fuisse,
2527 3200 2730 3295 quod

380 3324 742 3398 sacrificia
804 3325 1127 3396 humana
1182 3325 1325 3397 deo
1381 3324 1946 3396 immolarentur.
2002 3324 2289 3416 Quibus
2344 3323 2440 3397 de
2495 3323 2733 3397 causis

383 3449 881 3523 Mannhardtii
953 3448 1381 3522 sententiam
1441 3449 1929 3543 respuendam
1996 3473 2158 3520 esse
2214 3473 2513 3533 censeo;
2572 3473 2740 3521 mea

384 3588 642 3647 contra
712 3573 904 3647 facio
958 3575 1184 3647 verba
1239 3572 1757 3669 anthropologi
1811 3572 2133 3645 Andrew
2173 3574 2403 3669 Lang,
2460 3573 2584 3668 qui
2641 3574 2738 3645 de

382 3697 644 3793 priscis
701 3701 1156 3773 Graecorum
1215 3698 1470 3771 ritibus
1515 3696 2121 3792 caerimoniisque
2148 3711 2221 3770 et
2258 3697 2399 3769 alia
2434 3697 2735 3794 cognitu

469 3913 514 3972 1)
552 3911 630 3961 Cf.
667 3926 753 3976 pp.
794 3923 861 3973 30
900 3926 1010 3974 sqq.

462 4003 511 4062 2)
549 4001 641 4051 W.
678 3999 909 4057 Mannh.,
946 4001 1072 4048 Ant.
1111 3998 1290 4046 Wald-
1328 4014 1377 4047 u.
1414 3998 1459 4044 F
1462 3995 1597 4046 eldk.
1635 3996 1692 4044 II
1731 4008 1831 4060 342
1874 3997 2337 4060 „Moglicherweise
2361 3997 2483 4061 liegt
2505 3998 2631 4056 hier,
2653 3998 2739 4047 bei

387 4089 491 4140 den
543 4088 734 4153 Lykaia
770 4090 853 4137 ein
893 4088 1007 4136 Fau
1043 4085 1369 4136 historischer
1404 4083 1737 4148 Entlehnung
1776 4102 1880 4144 vor,
1919 4087 2089 4135 indem
2127 4087 2209 4134 die
2246 4086 2501 4135 Hellenen
2537 4088 2638 4135 den
2671 4103 2735 4135 an

384 4179 507 4226 dem
525 4177 880 4226 Arkadischen
916 4176 1200 4240 Berggipfel
1236 4173 1551 4238 gekm‘ipften
1589 4173 1724 4222 Kult
1760 4174 1895 4222 einer
1913 4174 2103 4224 uralten
2121 4174 2497 4224 Phonikischen
2514 4175 2740 4224 Kolonie

385 4266 498 4316 sich
525 4267 820 4330 angeeignet
845 4266 951 4315 und
981 4267 1283 4328 fortgesetzt,
1313 4262 1417 4310 und
1442 4262 1596 4309 deren
1615 4263 1903 4327 Hauptgott
1920 4264 1986 4311 El
2005 4264 2057 4311 in
2075 4263 2158 4311 die
2177 4263 2487 4312 erhabenene
2505 4264 2744 4328 Majestiit

391 4355 486 4403 des
525 4356 651 4403 Zeus
691 4356 1013 4419 umgedeutet
1048 4353 1262 4403 haben.’'
