3144 5114
1204 882 1806 978 THESES.

1478 1209 1528 1282 I.

436 1341 666 1438 Apud
751 1342 1079 1416 Graecos
1154 1341 1551 1437 antiquitus
1626 1356 1910 1416 montes
1984 1356 2360 1437 tamquam
2420 1310 2682 1415 fetissa

332 1465 506 1539 culti
561 1491 720 1541 esse
775 1466 1129 1541 videntur.

1470 1629 1554 1700 II.

440 1761 656 1834 Festa
708 1753 1105 1847 sollemnia,
1160 1787 1351 1857 quae
1405 1762 1607 1857 apud
1664 1763 1992 1836 Graecos
2049 1762 2145 1834 ad
2201 1761 2675 1835 celebrandas
2803 1786 2806 1789 ·

333 1895 475 1967 Διός
539 1900 611 1959 et
676 1896 885 1977 εἩρας
950 1886 1239 1983 nuptias
1304 1911 1549 1960 sacras
1607 1886 1678 1958 in
1734 1885 1952 1959 variis
2006 1886 2187 1960 locis
2243 1885 2452 1960 editis
2509 1912 2677 1983 age·
2739 1943 2753 1956 .

330 2011 612 2097 bantur,
669 2010 1026 2108 originem
1085 2011 1448 2084 duxerunt
1502 2037 1546 2084 a
1604 2013 2059 2085 Graecorum
2118 2036 2323 2085 more
2367 2010 2675 2084 summis
2767 2034 2774 2039 ’

331 2133 404 2206 in
462 2135 831 2209 montibus
888 2160 933 2208 a
986 2134 1125 2209 diis
1181 2136 1620 2232 implorandi
1678 2136 1967 2209 imbres.

1455 2324 1574 2397 III.

439 2410 707 2529 Iniuria
808 2458 887 2530 B.
988 2455 1325 2531 Schmidt
1405 2456 1843 2553 prophetam
1931 2456 2167 2529 Eliam
2253 2456 2370 2530 dei
2448 2464 2633 2529 Ηλίο
2603 2492 2675 2529 ου

331 2581 577 2655 locum
635 2607 1039 2679 occupasse
1094 2596 1333 2680 negat.
1388 2582 1772 2680 (Schmidt,
1802 2585 1961 2656 Das
1991 2582 2261 2656 Volksl.
2291 2584 2358 2655 d.
2392 2585 2673 2681 Neugr.

334 2732 402 2779 n.
457 2707 525 2779 d.
585 2708 776 2781 Hell.
830 2708 1135 2782 Alterth.
1193 2709 1222 2779 Ι
1278 2733 1447 2805 pag.
1503 2709 1652 2807 48).

1444 2896 1563 2969 IV.

438 3028 727 3101 Morem
786 3030 967 3104 deos
1022 3028 1091 3101 in
1150 3029 1331 3102 locis
1387 3024 1600 3102 edi'tis
1660 3029 1946 3103 colendi
2008 3055 2052 3102 a
2105 3028 2399 3125 populis
2437 3030 2611 3103 Sem
2625 3028 2674 3100 i-

331 3151 490 3226 tifcis
547 3152 811 3227 Graeci
869 3178 1014 3225 non
1075 3153 1383 3228 mutuati
1438 3169 1626 3227 sunt.

1465 3342 1549 3413 V.

436 3474 695 3548 Statua
751 3473 982 3546 musei
1040 3428 1424 3569 antiquarii
1485 3473 2002 3571 Lugdunensis
2062 3475 2207 3547 No.
2265 3476 2294 3546 Ι
2360 3497 2452 3567 59
2494 3473 2670 3571 (Cat.

324 3596 543 3696 Jans.)
600 3597 1061 3673 referendum
1102 3623 1261 3672 esse
1298 3598 1587 3672 videtur
1615 3600 1711 3672 ad
1742 3598 2157 3695 exemplum
2209 3612 2352 3681 Διὸς
2392 3605 2671 3681 Πολιέως

328 3721 641 3795 confecti
698 3748 743 3795 a
801 3723 1196 3797 Leochare.

1450 3912 1568 3983 VI.

437 4044 733 4121 Collatis
798 4046 1054 4120 statuis
1103 4043 1237 4117 illis
1293 4045 1744 4139 pervetustis,
1798 4044 2179 4141 Apollines
2236 4047 2362 4139 qui
2429 4045 2671 4142 appel-

331 4169 572 4243 lantur
618 4169 810 4267 (vide
866 4197 923 4245 e.
968 4197 1041 4267 g.
1099 4171 1367 4255 Brunn,
1416 4169 1625 4241 Phot.
1656 4171 1837 4242 Tab.
1868 4193 1989 4263 45,
2019 4177 2141 4261 46,
2177 4193 2291 4264 57,
2325 4171 2469 4270 63),
2498 4194 2668 4243 cum

330 4293 545 4391 signo
611 4320 839 4369 aeneo
916 4296 1147 4371 musei
1222 4293 1609 4391 antiquarii
1669 4295 2184 4394 Lugdunensis
2242 4297 2390 4370 No.
2445 4298 2512 4369 V
2574 4317 2666 4389 59
