3144 5114
1512 1116 1856 1193 CAPUT
1914 1117 2000 1191 ΙΙ.
2063 1058 2070 1067 ·

789 1357 892 1424 De
941 1358 1129 1425 locis
1177 1358 1393 1425 editis
1443 1359 1676 1425 sacris
1725 1358 1917 1441 apud
1968 1356 2295 1424 Graecos
2337 1357 2701 1424 universe.

1535 1610 1960 1617 ————-——--

682 1845 1102 1938 Antequam
1171 1843 1265 1916 de
1338 1845 1795 1917 Graecorum
1862 1842 2065 1916 clivis
2123 1842 2643 1938 montibusque
2696 1837 2906 1915 sacris

577 1968 986 2042 accuratius
1042 1994 1280 2065 agam,
1334 1969 1405 2040 in
1463 1967 1883 2042 universum
1941 1969 2036 2041 de
2090 1994 2346 2041 eorum
2402 1994 2674 2065 genere
2702 1981 2907 2061 atque

577 2092 856 2167 ratione
910 2119 1150 2190 pauca
1202 2095 1751 2190 praemonenda
1805 2107 1991 2167 sunt.

685 2221 1199 2315 Unaquaeque
1281 2219 1431 2293 fere
1513 2221 1690 2313 urbs
1774 2244 2017 2292 arcem
2092 2244 2303 2292 suam
2357 2218 2679 2291 habebat
2734 2218 2908 2289 intra

577 2343 779 2416 urbis
836 2344 1143 2417 moenia.
1199 2346 1429 2417 Erant
1481 2345 1621 2418 hae
1677 2370 1882 2418 arces
1936 2345 2102 2416 loca
2138 2344 2440 2430 excelsa,
2485 2345 2908 2439 plerumque

576 2471 765 2542 bene
838 2469 1133 2556 munita,
1207 2496 1397 2566 quae
1468 2470 1638 2543 belli
1704 2470 2160 2567 temporibus
2217 2495 2363 2542 non
2419 2470 2661 2542 solum
2721 2465 2909 2541 urbis

577 2594 831 2669 incolis
912 2595 1106 2691 ipsis,
1186 2597 1318 2669 sed
1396 2596 1615 2669 etiam
1699 2596 1991 2693 populis
2075 2594 2760 2668 circumiacentibus
2821 2592 2909 2664 ab

575 2720 895 2793 hostium
970 2720 1042 2793 vi
1117 2734 1338 2816 atque
1412 2721 1690 2817 impetu
1747 2735 1984 2794 tutum
2042 2722 2479 2818 praeberent
2535 2719 2910 2816 refugium.

579 2847 659 2917 In
688 2845 800 2918 his
830 2871 1130 2941 quoque
1156 2872 1687 2942 saepenumero
1717 2847 2027 2919 deorum
2056 2846 2331 2942 templa
2350 2846 2910 2927 exstruebantur,

578 2970 848 3043 nullam
934 2970 1149 3044 aliam
1219 2973 1317 3043 ob
1392 2997 1710 3057 causam,
1766 2985 1846 3043 ut
1900 2971 2207 3058 videtur,
2264 2970 2400 3044 nisi
2458 2975 2550 3042 ut'
2592 2970 2665 3041 in
2722 2966 2911 3042 urbis

578 3094 744 3167 loco
802 3095 1164 3169 tutissimo
1205 3122 1444 3193 eoque
1485 3096 1802 3170 maxime
1849 3096 2252 3193 conspicuo
2284 3094 2657 3191 aptissime
2685 3103 2914 3168 essent

579 3220 937 3293 collocata
971 3217 1040 3319 ¹).
1115 3223 1224 3294 Ita
1287 3221 1771 3295 Athenienses
1828 3222 2001 3294 inde
2057 3248 2102 3295 a
2154 3221 2411 3317 priscis
2466 3220 2912 3316 temporibus

577 3359 864 3440 praeter
939 3347 1154 3419 deam
1230 3348 1612 3421 tutelarem
1687 3347 1943 3443 ipsam,
2010 3354 2306 3438 Ἐρεχθέα
2352 3359 2424 3419 et
2473 3352 2828 3418 Ποσειδῶνα
2863 3338 2912 3437 ²)

578 3470 648 3542 in
708 3496 875 3543 aree
928 3474 1478 3559 venerabantur,
1534 3473 1803 3568 quibus
1858 3485 2117 3568 postea
2162 3471 2281 3543 alii
2329 3470 2447 3544 dei
2475 3470 2674 3542 haud
2703 3464 2912 3565 pauci

579 3596 1184 3692 adiungebantur.
1271 3600 1469 3671 Nam
1549 3598 1696 3670 hoc
1778 3622 2079 3693 quoque
2133 3622 2354 3692 saepe
2410 3595 2565 3668 fieri
2622 3595 2913 3677 solebat,

656 3806 707 3876 Ι)
743 3809 824 3856 De
860 3825 959 3873 qua
1014 3826 1066 3858 re
1102 3809 1226 3859 haec
1262 3811 1471 3874 legimus
1508 3812 1645 3876 apud
1681 3798 1926 3874 Xenoph.
1962 3811 2121 3857 Mem.
2161 3810 2243 3857 III
2271 3809 2319 3867 8,
2355 3823 2447 3861 10:
2488 3811 2671 3869 Ναοῖς
2711 3827 2772 3883 γε
2807 3804 2913 3877 μὴν

582 3905 675 3955 καὶ
739 3906 950 3974 βωμοῖς
1014 3902 1205 3978 χώραν
1266 3894 1372 3976 ἔφη
1412 3898 1563 3958 εἶναι
1611 3902 2112 3978 πρεπωδεστάτην,
2161 3903 2287 3974 ἥτις
2329 3902 2731 3975 ἐμφανεστάτη
2770 3893 2912 3956 οὖσα

578 3995 979 4070 ἀστιβεστάτη
1020 4000 1133 4071 εἴη.

650 4094 726 4143 Cf.
766 4102 1017 4158 praeterea
1053 4096 1253 4145 Vitruv.
1292 4096 1319 4143 I
1359 4104 1405 4155 7.
1443 4095 1525 4142 IV
1565 4104 1613 4157 5.

653 4185 701 4246 2)
747 4184 1028 4232 Amborum
1084 4187 1289 4233 deorum
1343 4184 1503 4233 cultus
1558 4190 1736 4248 postea
1791 4190 1893 4230 tam
1948 4189 2051 4231 arte
2105 4184 2404 4242 coaluerunt,
2444 4193 2499 4233 ut
2535 4200 2723 4233 novum
2759 4180 2911 4246 quod-

577 4273 693 4321 dam
750 4288 934 4321 numen
990 4274 1297 4329 Ποσειδῶν
1339 4272 1671 4348 Ἐρεχθεύς
1729 4288 1787 4319 ex
1846 4274 1906 4321 iis
1964 4281 2129 4321 ortum
2184 4274 2266 4322 sit.
2324 4273 2401 4322 Cf.
2459 4273 2770 4323 Prell.—Rob.
2824 4270 2908 4318 Gr.

577 4360 739 4426 Myth.
763 4364 785 4394 ⁴
826 4375 923 4425 203
964 4379 1039 4426 sq.
