3144 5114
32 2458 35 2519 k

1043 1181 1385 1256 CAPUT
1444 1183 1564 1254 III.

381 1420 480 1489 De
527 1422 837 1508 singulis
886 1422 1026 1489 diis
1075 1421 1376 1490 Graecis
1427 1423 1499 1489 in
1550 1424 1924 1492 montibus
1989 1425 2227 1493 cultis.

1099 1677 1522 1684 —-—-————.—

845 1910 972 1981 DE
1026 1917 1168 1992 Διός
1210 1933 1775 1983 VENERATIONE.

255 2274 513 2349 Ordior
568 2302 613 2348 a
666 2273 847 2349 locis
903 2274 1135 2362 editis,
1189 2274 1261 2347 in
1302 2274 1572 2370 quibus
1619 2287 1772 2359 Ζεύς
1818 2276 2265 2350 venerationi
2304 2291 2476 2349 erat.

164 2408 250 2467 Διί
317 2399 501 2474 enim
576 2426 754 2498 prae
827 2400 1084 2474 ceteris
1157 2399 1315 2474 deis
1391 2400 1751 2474 montium
1830 2402 2214 2476 cacumina
2270 2416 2474 2476 erant

160 2540 570 2614 consecrata,
652 2525 1001 2623 quocirca
1083 2526 1452 2601 Maximus
1532 2527 1802 2625 Tyrius
1829 2525 1879 2628 1)
1964 2529 2058 2603 de
2131 2554 2221 2603 eo
2293 2528 2476 2602 haec

160 2652 613 2745 praedicavit:
682 2663 1060 2743 ἐπεφήμισαν
1102 2659 1164 2724 δὲ
1205 2668 1304 2725 καὶ
1338 2666 1436 2724 aa.
1479 2662 1815 2747 ἀγάλματα
1855 2671 1909 2730 οε
1950 2679 2181 2751 πρῶτοι
2222 2666 2475 2751 ἄνθρω-

34 2781 35 2832 Ϊ
160 2801 270 2855 ποι,
334 2782 596 2863 κορυφὰς
665 2782 839 2863 ὀρῶν,
904 2776 1258 2860 ”Ολυμπον,
1329 2788 1428 2846 καὶ
1494 2783 1701 2868 Ἴδην,
1763 2789 1862 2847 καὶ
1927 2785 1984 2847 εἴ
2027 2811 2085 2847 τι
2133 2782 2286 2847 ἄλλο
2335 2783 2470 2867 ὄρος

34 2891 35 2894 ’
161 2883 450 2969 πλησιάζει
497 2902 586 2976 τῷ
636 2892 891 2975 οὐρανῷ.

248 2999 611 3072 Permulta
711 3024 1012 3095 quoque
1086 3012 1229 3085 Διός
1304 3004 1752 3101 cognomina
1815 3006 2077 3078 eodem
2153 3005 2476 3078 tendunt.

157 3121 350 3198 Teste
460 3124 840 3222 HeSyChIO
924 3135 1259 3221 Ἔπάκριος
1332 3132 1738 3205 vocabatur
1809 3142 1840 3202 ὁ
1909 3138 2078 3211 Ζεύς·
2124 3139 2155 3200 ὃ
2203 3138 2303 3199 ἐπὶ
2350 3150 2477 3200 τῶν

157 3245 336 3332 ἄκρων
386 3265 513 3317 τῶν
560 3256 716 3336 ὀρῶν
762 3252 1085 3337 ἱδρυμένος.
1134 3255 1235 3316 ἐπὶ
1280 3257 1396 3338 γὰρ
1445 3268 1571 3319 τῶν
1619 3260 1774 3339 ὀρῶν
1827 3258 1969 3326 τοὺς
2014 3256 2258 3339 βωμοὺς
2303 3256 2475 3340 αὐτῷ

153 3358 338 3447 ἵδρυον
401 3372 484 3442 ὡς
553 3369 843 3434 {mnam
927 3363 1032 3438 Cf.
1090 3365 1332 3462 Etym.
1389 3367 1641 3462 Magn.
1697 3364 1950 3438 Eusth.
1979 3390 2047 3459 p.
2091 3384 2306 3454 1747,
2361 3385 2474 3456 59.

157 3467 433 3558 ΞΕΙᾶθηῖ
481 3511 709 3583 opera
764 3489 922 3561 Vol.
961 3490 1027 3561 II
1067 3514 1237 3586 pars
1275 3491 1324 3563 I.
1383 3492 1503 3564 De
1541 3473 1680 3565 Dis
1719 3489 1924 3588 Syris
1960 3501 2353 3586 syntagma
2390 3489 2474 3561 II.

156 3628 213 3699 p.
266 3617 429 3706 385.

243 3734 405 3810 Alia
457 3737 927 3835 cognomina,
992 3764 1183 3835 quae
1236 3740 1381 3813 huc
1438 3739 1714 3813 faciunt
1767 3740 1949 3813 haec
2004 3751 2198 3813 sunt:

244 3871 385 3942 Ζεὺς
418 3871 736 3953 Ἀκραῖος,
781 3863 984 3959 quod
1039 3890 1456 3963 cognomen
1512 3866 1610 3938 ad
1647 3864 2118 3938 indicandum
2159 3873 2298 3950 Δία,
2320 3862 2475 3938 sive

152 3985 433 4061 summis
489 3986 562 4060 in
621 3987 1012 4077 montibus,
1065 3989 1221 4064 sive
1276 3990 1347 4062 in
1405 3990 1697 4065 arcibus
1744 3991 2020 4063 cultum
2070 3988 2473 4065 adhibetur.

154 4105 246 4180 Cf.
298 4111 687 4208 Spanhem.
745 4115 1028 4189 observ.
1096 4115 1169 4188 in
1223 4116 1471 4214 hymn.
1526 4115 1599 4188 in
1659 4118 1906 4190 Iovem
1966 4117 2048 4188 V.
2109 4121 2226 4188 82.
2286 4113 2473 4201 Keil,

153 4231 383 4309 Philol.
454 4239 634 4311 XIV
679 4261 854 4332 454.
957 4240 1123 4314 Nic.
1181 4243 1398 4314 Dam.
1454 4241 1535 4314 fr.
1569 4266 1687 4334 39.
1746 4240 1899 4313 Liv.
1954 4241 2345 4313 XXXVIII
2417 4265 2471 4311 1.

219 4424 260 4483 1)
294 4424 426 4475 Max.
464 4427 584 4492 Tyr.
621 4425 759 4478 Diss.
796 4428 949 4478 v111.
