3144 5114
1549 514 1644 583 92

428 730 537 795 e0‚
618 706 814 781 unde
895 705 1270 805 digressus
1353 714 1512 780 sum
1602 691 1937 792 revertar,
2012 718 2084 779 et
2136 703 2371 802 paulis
2427 700 2779 802 expedire

430 833 757 908 conabor
819 831 1248 907 sententiam
1307 858 1545 906 meam
1605 834 1699 906 de
1754 846 2006 906 sancto
2064 831 2229 904 Elia
2281 829 2353 903 in
2412 830 2777 903 montium

428 959 857 1032 cacumibus
913 958 1127 1032 culto,
1182 958 1547 1053 Perquam
1600 956 1983 1054 probabile
2013 956 2189 1030 mihi
2218 955 2506 1029 videtur
2533 953 2779 1030 Chris-

426 1084 680 1170 tianos,
761 1109 929 1157 cum
1017 1082 1272 1178 quinto
1357 1097 1482 1156 aut
1535 1096 1742 1156 sexto
1797 1082 2092 1156 saeculo
2149 1107 2218 1179 p.
2276 1082 2439 1156 Chr.
2496 1107 2560 1154 n.
2616 1080 2779 1154 reli-

424 1209 723 1307 gionem
789 1234 922 1307 per
994 1208 1381 1283 Graeciam
1438 1208 1741 1305 vulgare
1797 1221 2164 1304 cuperent,
2212 1220 2285 1280 et
2339 1207 2519 1280 alios
2574 1206 2778 1279 viros

427 1349 719 1408 sanctos
802 1333 1349 1420 ecclesiastic08‚
1439 1335 1644 1429 quod
1735 1331 1892 1406 fieri
1985 1345 2251 1430 posset,
2342 1331 2779 1406 accomada-

423 1459 613 1534 visse
704 1459 845 1534 diis
937 1459 1258 1547 Graecis,
1362 1458 1805 1554 quibuscum
1908 1485 2130 1553 quam
2237 1457 2552 1530 maxime
2653 1483 2779 1530 na-

426 1597 592 1658 tura
671 1598 742 1658 et
825 1584 1119 1659 nomine
1202 1598 1711 1682 congruerent,
1801 1597 1873 1657 et
1953 1584 2390 1681 prophetam
2473 1607 2784 1677 quoque

429 1709 666 1783 Eliam
748 1710 1204 1784 substituisse
1285 1709 1449 1797 de0,
1513 1709 1809 1782 nomine
1864 1709 1928 1782 ei
1985 1709 2201 1805 plane
2245 1707 2475 1794 simili,
2532 1714 2776 1779 ‘'Haaov

428 1834 614 1908 dico.
696 1835 882 1910 Cum
970 1849 1213 1908 autem
1314 1834 1432 1907 hic
1515 1836 1698 1908 deus
1781 1835 1950 1908 inde
2033 1860 2077 1907 a
2157 1833 2412 1929 priscis
2492 1845 2780 1929 tempo-

427 1959 625 2033 ribus
725 1960 924 2056 apud
995 1961 1286 2057 plebem
1361 1960 1618 2053 saltem
1720 1959 2131 2033 inferiorem
2225 1958 2618 2055 praecipue
2700 1958 2778 2031 in

425 2085 605 2159 locis
679 2085 887 2158 editis
959 2110 1249 2182 semper
1324 2111 1598 2183 magno
1673 2085 1743 2156 in
1799 2086 2079 2158 honore
2135 2083 2386 2157 fuisset
2438 2097 2511 2157 et
2565 2109 2609 2156 a
2675 2094 2802 2175 Διί,

427 2209 638 2305 plura
693 2224 1063 2284 mutuatus
1119 2225 1325 2297 esset,
1382 2210 1619 2282 Eliam
1677 2236 1974 2306 quoque
2030 2210 2101 2282 in
2152 2209 2525 2282 montibus
2562 2234 2781 2282 vene-

431 2336 776 2408 rabantur
830 2350 902 2409 et
957 2336 1185 2409 multa
1238 2336 1303 2410 ei
1360 2334 1849 2408 attribuebant
1905 2334 2168 2421 officia,
2225 2360 2416 2430 quae
2471 2333 2784 2428 antiqui—

388 2486 391 2487 *
427 2473 544 2533 tus
593 2470 693 2530 Λιί
738 2460 1039 2557 propria
1094 2460 1394 2535 fuerant.

535 2586 745 2679 Quae
801 2613 965 2661 mea
1018 2588 1372 2662 sententia
1425 2588 1484 2661 si
1540 2612 1715 2660 vera.
1770 2601 1895 2673 est,
1952 2586 2203 2660 illustri
2260 2586 2595 2682 exemplo
2653 2586 2781 2659 de-

429 2725 868 2786 monstrasse
945 2712 1118 2785 mihi
1193 2713 1466 2799 videor,
1537 2712 1738 2785 haud
1806 2712 2124 2785 absurde
2179 2711 2470 2808 saepius
2525 2710 2670 2783 iam
2732 2737 2781 2784 a

425 2861 490 2907 v.
568 2838 811 2923 Hahn,
870 2837 1374 2924 Wachsmuth,
1432 2836 1693 2911 Bernh.
1750 2837 2105 2923 Schmidt,
2159 2836 2412 2909 Politis
2467 2835 2780 2930 aliisque

428 2961 893 3035 observatum
978 2988 1136 3036 esse
1217 2962 1473 3036 studiis
1558 2961 2059 3060 mythologiae
2140 2960 2781 3035 neohellenisticae

426 3085 835 3182 priscorum
888 3089 1341 3161 Graecorum
1391 3087 1774 3160 numinum
1804 3086 2378 3183 interpretationi
2407 3086 2778 3159 interdum

425 3210 664 3284 lucem
722 3211 965 3285 afferri
1020 3238 1238 3309 posse
1265 3209 1334 3313 ¹).

504 3438 550 3498 1)
587 3436 756 3500 Digna
788 3445 919 3494 sunt,
958 3453 1088 3501 quae
1125 3436 1225 3485 hoc
1261 3436 1372 3485 loco
1408 3436 1670 3485 laudentur
1708 3438 1858 3485 verba
1894 3438 1958 3487 E.
2001 3437 2075 3486 H.
2112 3435 2321 3499 Meyeri,
2358 3434 2536 3496 Indog.
2557 3433 2732 3497 Myth.
2753 3436 2783 3485 Ι

433 3537 556 3576 102:
598 3526 762 3584 „Wer
798 3528 880 3574 ein
916 3525 1182 3589 moglichst
1218 3525 1611 3574 unverffilschtes
1649 3526 1778 3584 Bild‚
1820 3527 1909 3574 das
1946 3525 2181 3581 antikste‚
2223 3540 2323 3572 von
2361 3524 2459 3572 den
2496 3522 2784 3573 volkstiim-

422 3616 590 3665 lichen
625 3614 901 3664 Unholden
920 3615 1182 3678 gewinnen
1218 3616 1336 3673 will,
1377 3616 1464 3663 der
1501 3615 1615 3663 darf
1627 3615 1732 3663 sich
1770 3614 1906 3664 nicht
1944 3643 2010 3652 —
2054 3614 2147 3662 das
2168 3615 2232 3662 ist
2252 3614 2334 3662 die
2354 3613 2521 3661 Ironie
2544 3612 2633 3660 der
2653 3614 2782 3663 Tra-

427 3706 585 3754 dition
627 3732 694 3740 —
731 3720 797 3752 an
845 3705 925 3752 die
974 3703 1109 3752 alten
1161 3704 1513 3767 ehrwiirdigen
1563 3704 1813 3753 Classiker
1861 3704 2089 3761 wenden‚
2132 3703 2214 3751 die
2254 3703 2352 3751 den
2388 3700 2782 3765 Volksglauben

426 3794 847 3856 totzuschweigen
884 3794 1062 3852 lieben,
1113 3794 1330 3842 sondern
1370 3809 1506 3841 muss
1544 3811 1609 3842 an
1645 3794 1726 3842 die
1769 3795 1939 3842 Tiiren
1975 3794 2064 3841 des
2102 3791 2536 3841 neuhellenisehen
2572 3790 2785 3842 Volkes

425 3883 635 3948 pochen,
675 3885 770 3932 wie
807 3899 859 3931 es
899 3899 947 3932 v.
985 3881 1145 3930 Hahn
1184 3883 1288 3931 und
1324 3884 1386 3933 B.
1424 3882 1654 3932 Schmidt
1689 3891 1837 3946 getan
1873 3882 2089 3931 haben.'’
