<?xml version="1.0" encoding="UTF-8"?>
<!DOCTYPE html PUBLIC "-//W3C//DTD XHTML 1.0 Transitional//EN"
    "http://www.w3.org/TR/xhtml1/DTD/xhtml1-transitional.dtd">
<html xmlns="http://www.w3.org/1999/xhtml" xml:lang="en" lang="en">
 <head>
  <title>
</title>
<meta http-equiv="Content-Type" content="text/html;charset=utf-8" />
  <meta name='ocr-system' content='tesseract 3.04.00' />
  <meta name='ocr-capabilities' content='ocr_page ocr_carea ocr_par ocr_line ocrx_word'/>
</head>
<body>
  <div class='ocr_page' id='page_1' title='image "./dediisinlocised01albegoog_0057.png"; bbox 0 0 3144 5114; ppageno 0'>
   <div class='ocr_carea' id='block_1_1' title="bbox 38 3140 39 3683">
    <p class='ocr_par' dir='ltr' id='par_1_1' title="bbox 38 3140 39 3683">
     <span class='ocr_line' id='line_1_1' title="bbox 38 3140 39 3683; baseline 0 0"><span class='ocrx_word' id='word_1_1' title='bbox 38 3140 39 3683; x_wconf 95' lang='lat' dir='ltr'> </span> 
     </span>
    </p>
   </div>
   <div class='ocr_carea' id='block_1_2' title="bbox 1313 522 1411 591">
    <p class='ocr_par' dir='ltr' id='par_1_2' title="bbox 1313 522 1411 591">
     <span class='ocr_line' id='line_1_2' title="bbox 1313 522 1411 591; baseline -0.01 0"><span class='ocrx_word' id='word_1_2' title='bbox 1313 522 1411 591; x_wconf 86' lang='grc'>47</span> 
     </span>
    </p>
   </div>
   <div class='ocr_carea' id='block_1_3' title="bbox 180 711 2537 2193">
    <p class='ocr_par' dir='ltr' id='par_1_3' title="bbox 180 711 2537 2193">
     <span class='ocr_line' id='line_1_3' title="bbox 217 711 2534 815; baseline 0.001 -29"><span class='ocrx_word' id='word_1_3' title='bbox 217 714 317 787; x_wconf 88' lang='lat' dir='ltr'>alii</span> <span class='ocrx_word' id='word_1_4' title='bbox 348 711 402 815; x_wconf 74' lang='grc'>1&gt;</span> <span class='ocrx_word' id='word_1_5' title='bbox 458 715 724 790; x_wconf 83' lang='lat' dir='ltr'>Dictae</span> <span class='ocrx_word' id='word_1_6' title='bbox 782 713 1011 788; x_wconf 81' lang='lat' dir='ltr'>monti</span> <span class='ocrx_word' id='word_1_7' title='bbox 1067 714 1263 788; x_wconf 90' lang='lat' dir='ltr'>hunc</span> <span class='ocrx_word' id='word_1_8' title='bbox 1319 714 1682 788; x_wconf 80' lang='lat' dir='ltr'>honorem</span> <span class='ocrx_word' id='word_1_9' title='bbox 1714 714 2136 789; x_wconf 88' lang='lat' dir='ltr'>tribuerunt.</span> <span class='ocrx_word' id='word_1_10' title='bbox 2195 716 2359 790; x_wconf 93' lang='lat' dir='ltr'>Nec</span> <span class='ocrx_word' id='word_1_11' title='bbox 2388 742 2534 790; x_wconf 91' lang='lat' dir='ltr'>non</span> 
     </span>
     <span class='ocr_line' id='line_1_4' title="bbox 217 839 2534 937; baseline 0.001 -26"><span class='ocrx_word' id='word_1_12' title='bbox 217 841 530 914; x_wconf 87' lang='lat' dir='ltr'>Messenii</span> <span class='ocrx_word' id='word_1_13' title='bbox 626 850 768 923; x_wconf 82' lang='grc' dir='ltr'><em>Διός</em></span> <span class='ocrx_word' id='word_1_14' title='bbox 851 840 1293 924; x_wconf 76' lang='lat' dir='ltr'>incunabula</span> <span class='ocrx_word' id='word_1_15' title='bbox 1373 839 1512 913; x_wconf 93' lang='lat' dir='ltr'>sibi</span> <span class='ocrx_word' id='word_1_16' title='bbox 1595 839 2065 914; x_wconf 80' lang='lat' dir='ltr'>vindicabant</span> <span class='ocrx_word' id='word_1_17' title='bbox 2147 867 2380 937; x_wconf 88' lang='lat' dir='ltr'>eaque</span> <span class='ocrx_word' id='word_1_18' title='bbox 2461 842 2534 914; x_wconf 92' lang='lat' dir='ltr'>in</span> 
     </span>
     <span class='ocr_line' id='line_1_5' title="bbox 215 963 2536 1064; baseline 0.002 -29"><span class='ocrx_word' id='word_1_19' title='bbox 215 980 435 1039; x_wconf 91' lang='lat' dir='ltr'>monte</span> <span class='ocrx_word' id='word_1_20' title='bbox 489 966 776 1039; x_wconf 79' lang='lat' dir='ltr'><strong>Ithome</strong></span> <span class='ocrx_word' id='word_1_21' title='bbox 849 967 1221 1062; x_wconf 91' lang='lat' dir='ltr'>ponebant</span> <span class='ocrx_word' id='word_1_22' title='bbox 1257 963 1326 1064; x_wconf 80' lang='grc'>2).</span> <span class='ocrx_word' id='word_1_23' title='bbox 1382 968 1769 1039; x_wconf 88' lang='lat' dir='ltr'>Praeterea</span> <span class='ocrx_word' id='word_1_24' title='bbox 1820 967 2155 1041; x_wconf 80' lang='lat' dir='ltr'>Arcades</span> <span class='ocrx_word' id='word_1_25' title='bbox 2211 968 2536 1064; x_wconf 89' lang='lat' dir='ltr'>complu-</span> 
     </span>
     <span class='ocr_line' id='line_1_6' title="bbox 212 1089 2537 1188; baseline 0.003 -29"><span class='ocrx_word' id='word_1_26' title='bbox 212 1089 387 1164; x_wconf 86' lang='lat' dir='ltr'>ribus</span> <span class='ocrx_word' id='word_1_27' title='bbox 467 1091 537 1163; x_wconf 94' lang='lat' dir='ltr'>in</span> <span class='ocrx_word' id='word_1_28' title='bbox 619 1090 802 1164; x_wconf 93' lang='lat' dir='ltr'>locis</span> <span class='ocrx_word' id='word_1_29' title='bbox 887 1090 1143 1164; x_wconf 91' lang='lat' dir='ltr'>editis:</span> <span class='ocrx_word' id='word_1_30' title='bbox 1202 1090 1274 1163; x_wconf 93' lang='lat' dir='ltr'>in</span> <span class='ocrx_word' id='word_1_31' title='bbox 1336 1093 1726 1188; x_wconf 92' lang='lat' dir='ltr'>Lycaeone</span> <span class='ocrx_word' id='word_1_32' title='bbox 1781 1091 1851 1163; x_wconf 91' lang='lat' dir='ltr'>in</span> <span class='ocrx_word' id='word_1_33' title='bbox 1911 1091 2163 1165; x_wconf 87' lang='lat' dir='ltr'>Alesio</span> <span class='ocrx_word' id='word_1_34' title='bbox 2194 1092 2266 1164; x_wconf 92' lang='lat' dir='ltr'>in</span> <span class='ocrx_word' id='word_1_35' title='bbox 2296 1092 2537 1166; x_wconf 89' lang='lat' dir='ltr'>Thau-</span> 
     </span>
     <span class='ocr_line' id='line_1_7' title="bbox 214 1214 2535 1310; baseline 0.002 -24"><span class='ocrx_word' id='word_1_36' title='bbox 214 1214 438 1302; x_wconf 85' lang='lat' dir='ltr'>masiO,</span> <span class='ocrx_word' id='word_1_37' title='bbox 511 1226 656 1298; x_wconf 82' lang='grc' dir='ltr'><em>Διός</em></span> <span class='ocrx_word' id='word_1_38' title='bbox 776 1229 1015 1289; x_wconf 89' lang='lat' dir='ltr'>ortum</span> <span class='ocrx_word' id='word_1_39' title='bbox 1102 1229 1321 1310; x_wconf 89' lang='lat' dir='ltr'>atque</span> <span class='ocrx_word' id='word_1_40' title='bbox 1428 1216 1939 1289; x_wconf 81' lang='lat' dir='ltr'>educationem</span> <span class='ocrx_word' id='word_1_41' title='bbox 2052 1217 2535 1291; x_wconf 89' lang='lat' dir='ltr'>celebrabant.</span> 
     </span>
     <span class='ocr_line' id='line_1_8' title="bbox 213 1338 2532 1439; baseline 0.003 -30"><span class='ocrx_word' id='word_1_42' title='bbox 213 1338 317 1411; x_wconf 89' lang='lat' dir='ltr'>De</span> <span class='ocrx_word' id='word_1_43' title='bbox 391 1367 534 1435; x_wconf 90' lang='lat' dir='ltr'>qua</span> <span class='ocrx_word' id='word_1_44' title='bbox 616 1366 694 1414; x_wconf 90' lang='lat' dir='ltr'>re</span> <span class='ocrx_word' id='word_1_45' title='bbox 768 1340 1237 1414; x_wconf 89' lang='lat' dir='ltr'>Immerwahr</span> <span class='ocrx_word' id='word_1_46' title='bbox 1292 1340 1450 1414; x_wconf 86' lang='lat' dir='ltr'>fuse</span> <span class='ocrx_word' id='word_1_47' title='bbox 1505 1354 1578 1414; x_wconf 93' lang='lat' dir='ltr'>et</span> <span class='ocrx_word' id='word_1_48' title='bbox 1633 1341 1954 1414; x_wconf 88' lang='lat' dir='ltr'>dilucide</span> <span class='ocrx_word' id='word_1_49' title='bbox 2010 1342 2406 1439; x_wconf 86' lang='lat' dir='ltr'>disputavit</span> <span class='ocrx_word' id='word_1_50' title='bbox 2461 1344 2532 1415; x_wconf 95' lang='lat' dir='ltr'>in</span> 
     </span>
     <span class='ocr_line' id='line_1_9' title="bbox 211 1464 2529 1564; baseline 0.002 -29"><span class='ocrx_word' id='word_1_51' title='bbox 211 1465 443 1538; x_wconf 88' lang='lat' dir='ltr'>studiis</span> <span class='ocrx_word' id='word_1_52' title='bbox 523 1465 815 1563; x_wconf 89' lang='lat' dir='ltr'>saepius</span> <span class='ocrx_word' id='word_1_53' title='bbox 899 1465 1044 1538; x_wconf 92' lang='lat' dir='ltr'>iam</span> <span class='ocrx_word' id='word_1_54' title='bbox 1130 1492 1175 1539; x_wconf 93' lang='lat' dir='ltr'>a</span> <span class='ocrx_word' id='word_1_55' title='bbox 1231 1492 1349 1539; x_wconf 92' lang='lat' dir='ltr'>me</span> <span class='ocrx_word' id='word_1_56' title='bbox 1403 1467 1716 1539; x_wconf 89' lang='lat' dir='ltr'>laudatis</span> <span class='ocrx_word' id='word_1_57' title='bbox 1753 1464 1833 1564; x_wconf 79' lang='lat'>3);</span> <span class='ocrx_word' id='word_1_58' title='bbox 1890 1467 2006 1540; x_wconf 91' lang='lat' dir='ltr'>cui</span> <span class='ocrx_word' id='word_1_59' title='bbox 2064 1481 2309 1541; x_wconf 89' lang='lat' dir='ltr'>tamen</span> <span class='ocrx_word' id='word_1_60' title='bbox 2367 1468 2529 1541; x_wconf 88' lang='lat' dir='ltr'>viro</span> 
     </span>
     <span class='ocr_line' id='line_1_10' title="bbox 212 1588 2533 1688; baseline 0.003 -29"><span class='ocrx_word' id='word_1_61' title='bbox 212 1588 481 1664; x_wconf 90' lang='lat' dir='ltr'>minime</span> <span class='ocrx_word' id='word_1_62' title='bbox 574 1590 930 1664; x_wconf 90' lang='lat' dir='ltr'>assentior</span> <span class='ocrx_word' id='word_1_63' title='bbox 1021 1591 1429 1688; x_wconf 91' lang='lat' dir='ltr'>perhibenti</span> <span class='ocrx_word' id='word_1_64' title='bbox 1520 1592 1854 1665; x_wconf 86' lang='lat' dir='ltr'>Arcades</span> <span class='ocrx_word' id='word_1_65' title='bbox 1946 1618 1989 1665; x_wconf 89' lang='lat' dir='ltr'>a</span> <span class='ocrx_word' id='word_1_66' title='bbox 2080 1593 2533 1666; x_wconf 84' lang='lat' dir='ltr'>Cretensium</span> 
     </span>
     <span class='ocr_line' id='line_1_11' title="bbox 180 1711 2535 1817; baseline 0.003 -33"><span class='ocrx_word' id='word_1_67' title='bbox 180 1711 450 1788; x_wconf 87' lang='lat' dir='ltr'>.fabulis</span> <span class='ocrx_word' id='word_1_68' title='bbox 505 1715 682 1788; x_wconf 90' lang='lat' dir='ltr'>nihil</span> <span class='ocrx_word' id='word_1_69' title='bbox 739 1715 1040 1788; x_wconf 92' lang='lat' dir='ltr'>omnino</span> <span class='ocrx_word' id='word_1_70' title='bbox 1097 1730 1464 1789; x_wconf 89' lang='lat' dir='ltr'>mutuatos</span> <span class='ocrx_word' id='word_1_71' title='bbox 1521 1742 1680 1790; x_wconf 90' lang='lat' dir='ltr'>esse</span> <span class='ocrx_word' id='word_1_72' title='bbox 1715 1713 1784 1817; x_wconf 78' lang='grc'>4).</span> <span class='ocrx_word' id='word_1_73' title='bbox 1842 1718 2078 1789; x_wconf 92' lang='lat' dir='ltr'>Immo</span> <span class='ocrx_word' id='word_1_74' title='bbox 2135 1718 2295 1815; x_wconf 89' lang='lat' dir='ltr'>ipsa</span> <span class='ocrx_word' id='word_1_75' title='bbox 2340 1719 2535 1791; x_wconf 91' lang='lat' dir='ltr'>loco-</span> 
     </span>
     <span class='ocr_line' id='line_1_12' title="bbox 211 1840 2533 1928; baseline 0.003 -19"><span class='ocrx_word' id='word_1_76' title='bbox 211 1863 352 1912; x_wconf 90' lang='lat' dir='ltr'>rum</span> <span class='ocrx_word' id='word_1_77' title='bbox 398 1841 713 1928; x_wconf 88' lang='lat' dir='ltr'>nomina‚</span> <span class='ocrx_word' id='word_1_78' title='bbox 751 1841 877 1915; x_wconf 89' lang='lat' dir='ltr'>ubi</span> <span class='ocrx_word' id='word_1_79' title='bbox 925 1851 1076 1923; x_wconf 69' lang='grc' dir='ltr'><em>Ζεύς</em></span> <span class='ocrx_word' id='word_1_80' title='bbox 1122 1841 1419 1915; x_wconf 88' lang='lat' dir='ltr'>educari</span> <span class='ocrx_word' id='word_1_81' title='bbox 1452 1840 1849 1928; x_wconf 88' lang='lat' dir='ltr'>dicebatur,</span> <span class='ocrx_word' id='word_1_82' title='bbox 1880 1843 2325 1916; x_wconf 92' lang='lat' dir='ltr'>documento</span> <span class='ocrx_word' id='word_1_83' title='bbox 2358 1843 2533 1916; x_wconf 89' lang='lat' dir='ltr'>mihi</span> 
     </span>
     <span class='ocr_line' id='line_1_13' title="bbox 209 1967 2534 2051; baseline 0.003 -16"><span class='ocrx_word' id='word_1_84' title='bbox 209 1978 375 2051; x_wconf 87' lang='lat' dir='ltr'>sunt,</span> <span class='ocrx_word' id='word_1_85' title='bbox 450 1992 529 2039; x_wconf 90' lang='lat' dir='ltr'>re</span> <span class='ocrx_word' id='word_1_86' title='bbox 601 1992 776 2040; x_wconf 88' lang='lat' dir='ltr'>vera</span> <span class='ocrx_word' id='word_1_87' title='bbox 847 1993 888 2040; x_wconf 96' lang='lat' dir='ltr'>e</span> <span class='ocrx_word' id='word_1_88' title='bbox 944 1968 1159 2041; x_wconf 89' lang='lat' dir='ltr'>Creta</span> <span class='ocrx_word' id='word_1_89' title='bbox 1207 1977 1349 2049; x_wconf 79' lang='grc' dir='ltr'><em>Διός</em></span> <span class='ocrx_word' id='word_1_90' title='bbox 1395 1968 1670 2040; x_wconf 91' lang='lat' dir='ltr'>cultum</span> <span class='ocrx_word' id='word_1_91' title='bbox 1727 1967 1798 2038; x_wconf 92' lang='lat' dir='ltr'>in</span> <span class='ocrx_word' id='word_1_92' title='bbox 1853 1967 2252 2041; x_wconf 89' lang='lat' dir='ltr'>Arcadiam</span> <span class='ocrx_word' id='word_1_93' title='bbox 2309 1982 2534 2042; x_wconf 88' lang='lat' dir='ltr'>trans-</span> 
     </span>
     <span class='ocr_line' id='line_1_14' title="bbox 208 2086 2534 2193; baseline 0.003 -34"><span class='ocrx_word' id='word_1_94' title='bbox 208 2086 413 2164; x_wconf 90' lang='lat' dir='ltr'>latum</span> <span class='ocrx_word' id='word_1_95' title='bbox 462 2117 639 2165; x_wconf 88' lang='lat' dir='ltr'>esse.</span> <span class='ocrx_word' id='word_1_96' title='bbox 686 2093 916 2189; x_wconf 90' lang='lat' dir='ltr'>Apud</span> <span class='ocrx_word' id='word_1_97' title='bbox 964 2092 1400 2166; x_wconf 85' lang='lat' dir='ltr'>Pausaniam</span> <span class='ocrx_word' id='word_1_98' title='bbox 1450 2091 1642 2164; x_wconf 92' lang='lat' dir='ltr'>enim</span> <span class='ocrx_word' id='word_1_99' title='bbox 1693 2093 1889 2189; x_wconf 75' lang='lat' dir='ltr'>&lt;VIII</span> <span class='ocrx_word' id='word_1_100' title='bbox 1946 2101 2060 2179; x_wconf 85' lang='lat'>28,</span> <span class='ocrx_word' id='word_1_101' title='bbox 2097 2095 2164 2193; x_wconf 89' lang='lat'>2)</span> <span class='ocrx_word' id='word_1_102' title='bbox 2194 2093 2534 2191; x_wconf 83' lang='lat' dir='ltr'>legimus:</span> 
     </span>
    </p>
   </div>
   <div class='ocr_carea' id='block_1_4' title="bbox 208 2214 2536 3574">
    <p class='ocr_par' dir='ltr' id='par_1_4' title="bbox 209 2214 2536 2520">
     <span class='ocr_line' id='line_1_15' title="bbox 214 2214 2534 2302; baseline 0.002 -28"><span class='ocrx_word' id='word_1_103' title='bbox 214 2217 328 2295; x_wconf 79' lang='grc' dir='ltr'>Τὴν</span> <span class='ocrx_word' id='word_1_104' title='bbox 396 2214 455 2278; x_wconf 82' lang='grc' dir='ltr'>δὲ</span> <span class='ocrx_word' id='word_1_105' title='bbox 527 2218 911 2299; x_wconf 82' lang='grc' dir='ltr'><em>Γόρτυνα</em></span> <span class='ocrx_word' id='word_1_106' title='bbox 982 2221 1262 2298; x_wconf 80' lang='grc' dir='ltr'><em>ποταμὸς</em></span> <span class='ocrx_word' id='word_1_107' title='bbox 1335 2216 1606 2290; x_wconf 69' lang='grc' dir='ltr'><em>διέξεισιν</em></span> <span class='ocrx_word' id='word_1_108' title='bbox 1675 2220 1800 2280; x_wconf 78' lang='grc' dir='ltr'>ὑπὸ</span> <span class='ocrx_word' id='word_1_109' title='bbox 1862 2219 1972 2299; x_wconf 77' lang='grc' dir='ltr'>μὲν</span> <span class='ocrx_word' id='word_1_110' title='bbox 2031 2231 2157 2282; x_wconf 83' lang='grc' dir='ltr'>τῶν</span> <span class='ocrx_word' id='word_1_111' title='bbox 2224 2223 2358 2302; x_wconf 69' lang='grc' dir='ltr'><em>περὶ</em></span> <span class='ocrx_word' id='word_1_112' title='bbox 2422 2221 2534 2292; x_wconf 79' lang='grc' dir='ltr'>τὰς</span> 
     </span>
     <span class='ocr_line' id='line_1_16' title="bbox 211 2324 2536 2412; baseline 0.004 -30"><span class='ocrx_word' id='word_1_113' title='bbox 211 2326 397 2404; x_wconf 75' lang='grc' dir='ltr'><em>πηγὰς</em></span> <span class='ocrx_word' id='word_1_114' title='bbox 442 2324 879 2407; x_wconf 70' lang='grc' dir='ltr'><em>ὀνομαζόμενος</em></span> <span class='ocrx_word' id='word_1_115' title='bbox 912 2329 1199 2405; x_wconf 81' lang='grc' dir='ltr'><em>Λούσιος,</em></span> <span class='ocrx_word' id='word_1_116' title='bbox 1246 2328 1346 2389; x_wconf 69' lang='grc' dir='ltr'>ἐπὶ</span> <span class='ocrx_word' id='word_1_117' title='bbox 1393 2324 1668 2404; x_wconf 82' lang='grc' dir='ltr'><em>λουτροῖς</em></span> <span class='ocrx_word' id='word_1_118' title='bbox 1714 2325 1787 2409; x_wconf 79' lang='grc' dir='ltr'>δὴ</span> <span class='ocrx_word' id='word_1_119' title='bbox 1836 2341 1960 2402; x_wconf 81' lang='grc' dir='ltr'><em>τοῖς</em></span> <span class='ocrx_word' id='word_1_120' title='bbox 2006 2331 2150 2402; x_wconf 83' lang='grc' dir='ltr'><em>Διὸς</em></span> <span class='ocrx_word' id='word_1_121' title='bbox 2195 2328 2536 2412; x_wconf 68' lang='grc' dir='ltr'><em>τεχθέντος,</em></span> 
     </span>
     <span class='ocr_line' id='line_1_17' title="bbox 209 2430 2530 2520; baseline 0.004 -29"><span class='ocrx_word' id='word_1_122' title='bbox 209 2433 256 2491; x_wconf 80' lang='grc' dir='ltr'>οἳ</span> <span class='ocrx_word' id='word_1_123' title='bbox 299 2430 356 2495; x_wconf 75' lang='grc' dir='ltr'>δὲ</span> <span class='ocrx_word' id='word_1_124' title='bbox 401 2438 702 2520; x_wconf 73' lang='grc' dir='ltr'><em>ἀπωτέρω</em></span> <span class='ocrx_word' id='word_1_125' title='bbox 742 2450 868 2500; x_wconf 82' lang='grc' dir='ltr'>τῶν</span> <span class='ocrx_word' id='word_1_126' title='bbox 912 2450 1131 2519; x_wconf 76' lang='grc' dir='ltr'><em>πηγῶν</em></span> <span class='ocrx_word' id='word_1_127' title='bbox 1172 2434 1460 2500; x_wconf 83' lang='grc' dir='ltr'><em>καλοῦσιν</em></span> <span class='ocrx_word' id='word_1_128' title='bbox 1501 2438 1629 2497; x_wconf 78' lang='grc' dir='ltr'>ἀπὸ</span> <span class='ocrx_word' id='word_1_129' title='bbox 1672 2449 1778 2518; x_wconf 83' lang='grc' dir='ltr'>τῆς</span> <span class='ocrx_word' id='word_1_130' title='bbox 1822 2439 2024 2520; x_wconf 81' lang='grc' dir='ltr'><em>κώμης</em></span> <span class='ocrx_word' id='word_1_131' title='bbox 2049 2440 2530 2520; x_wconf 75' lang='grc' dir='ltr'><em>Γορτύνιον.</em></span> 
     </span>
    </p>

    <p class='ocr_par' dir='ltr' id='par_1_5' title="bbox 208 2543 2534 3086">
     <span class='ocr_line' id='line_1_18' title="bbox 303 2543 2534 2647; baseline 0.002 -31"><span class='ocrx_word' id='word_1_132' title='bbox 303 2543 393 2618; x_wconf 91' lang='lat' dir='ltr'>Et</span> <span class='ocrx_word' id='word_1_133' title='bbox 472 2547 614 2621; x_wconf 91' lang='lat' dir='ltr'>alio</span> <span class='ocrx_word' id='word_1_134' title='bbox 668 2548 836 2621; x_wconf 94' lang='lat' dir='ltr'>loco</span> <span class='ocrx_word' id='word_1_135' title='bbox 893 2546 1090 2646; x_wconf 84' lang='lat' dir='ltr'>&lt;VIII</span> <span class='ocrx_word' id='word_1_136' title='bbox 1152 2546 1348 2647; x_wconf 86' lang='lat'>38,2)</span> <span class='ocrx_word' id='word_1_137' title='bbox 1404 2546 1587 2620; x_wconf 93' lang='lat' dir='ltr'>haec</span> <span class='ocrx_word' id='word_1_138' title='bbox 1642 2546 1900 2622; x_wconf 89' lang='lat' dir='ltr'>habet:</span> <span class='ocrx_word' id='word_1_139' title='bbox 1957 2570 2259 2640; x_wconf 68' lang='grc' dir='ltr'>τραφῆναι</span> <span class='ocrx_word' id='word_1_140' title='bbox 2315 2555 2377 2620; x_wconf 78' lang='grc' dir='ltr'>δὲ</span> <span class='ocrx_word' id='word_1_141' title='bbox 2426 2562 2534 2621; x_wconf 73' lang='grc' dir='ltr'>τὸν</span> 
     </span>
     <span class='ocr_line' id='line_1_19' title="bbox 211 2670 2533 2760; baseline 0.003 -30"><span class='ocrx_word' id='word_1_142' title='bbox 211 2670 313 2730; x_wconf 83' lang='grc' dir='ltr'>Δία</span> <span class='ocrx_word' id='word_1_143' title='bbox 370 2677 555 2753; x_wconf 77' lang='grc' dir='ltr'><em>φασὶν</em></span> <span class='ocrx_word' id='word_1_144' title='bbox 610 2675 673 2737; x_wconf 71' lang='grc' dir='ltr'>ἓν</span> <span class='ocrx_word' id='word_1_145' title='bbox 739 2686 826 2760; x_wconf 76' lang='grc' dir='ltr'>τῷ</span> <span class='ocrx_word' id='word_1_146' title='bbox 883 2673 999 2757; x_wconf 71' lang='grc' dir='ltr'><em>ὄρει</em></span> <span class='ocrx_word' id='word_1_147' title='bbox 1065 2676 1267 2760; x_wconf 78' lang='grc' dir='ltr'><em>τούτῳ</em></span> <span class='ocrx_word' id='word_1_148' title='bbox 1326 2674 1441 2759; x_wconf 78' lang='grc' dir='ltr'>(τῷ</span> <span class='ocrx_word' id='word_1_149' title='bbox 1504 2673 1811 2759; x_wconf 81' lang='grc' dir='ltr'><em>Λυκαίω)·</em></span> <span class='ocrx_word' id='word_1_150' title='bbox 1876 2677 1975 2736; x_wconf 82' lang='grc' dir='ltr'>καὶ</span> <span class='ocrx_word' id='word_1_151' title='bbox 2048 2674 2210 2757; x_wconf 86' lang='grc' dir='ltr'><em>χώρα</em></span> <span class='ocrx_word' id='word_1_152' title='bbox 2259 2673 2324 2736; x_wconf 78' lang='grc' dir='ltr'>τέ</span> <span class='ocrx_word' id='word_1_153' title='bbox 2370 2676 2533 2737; x_wconf 69' lang='grc' dir='ltr'><em>ἔστιν</em></span> 
     </span>
     <span class='ocr_line' id='line_1_20' title="bbox 208 2776 2533 2869; baseline 0.003 -30"><span class='ocrx_word' id='word_1_154' title='bbox 208 2776 261 2839; x_wconf 69' lang='grc' dir='ltr'>ἓν</span> <span class='ocrx_word' id='word_1_155' title='bbox 307 2794 388 2867; x_wconf 78' lang='grc' dir='ltr'>τῷ</span> <span class='ocrx_word' id='word_1_156' title='bbox 439 2784 702 2869; x_wconf 79' lang='grc' dir='ltr'><em>Λυκαίῳ</em></span> <span class='ocrx_word' id='word_1_157' title='bbox 748 2783 1074 2866; x_wconf 77' lang='grc' dir='ltr'><em>Κρητέα</em></span> <span class='ocrx_word' id='word_1_158' title='bbox 1131 2782 1473 2865; x_wconf 77' lang='grc' dir='ltr'><em>καλουμένη</em></span> <span class='ocrx_word' id='word_1_159' title='bbox 1500 2831 1721 2844; x_wconf 93' lang='grc'><strong>......</strong></span> <span class='ocrx_word' id='word_1_160' title='bbox 1773 2787 1871 2844; x_wconf 85' lang='grc' dir='ltr'>καὶ</span> <span class='ocrx_word' id='word_1_161' title='bbox 1919 2788 2032 2866; x_wconf 82' lang='grc' dir='ltr'>τὴν</span> <span class='ocrx_word' id='word_1_162' title='bbox 2077 2785 2332 2866; x_wconf 82' lang='grc' dir='ltr'><em>Κρήτην</em></span> <span class='ocrx_word' id='word_1_163' title='bbox 2377 2781 2533 2847; x_wconf 62' lang='grc' dir='ltr'>ἔνθα</span> 
     </span>
     <span class='ocr_line' id='line_1_21' title="bbox 208 2887 2531 2976; baseline 0.002 -26"><span class='ocrx_word' id='word_1_164' title='bbox 208 2887 234 2947; x_wconf 82' lang='grc' dir='ltr'><em>ὃ</em></span> <span class='ocrx_word' id='word_1_165' title='bbox 291 2895 550 2974; x_wconf 84' lang='grc' dir='ltr'><em>Κρητῶν</em></span> <span class='ocrx_word' id='word_1_166' title='bbox 611 2890 722 2976; x_wconf 69' lang='grc' dir='ltr'><em>’ἔχει</em></span> <span class='ocrx_word' id='word_1_167' title='bbox 788 2890 963 2970; x_wconf 74' lang='grc' dir='ltr'><em>λόγος</em></span> <span class='ocrx_word' id='word_1_168' title='bbox 1027 2906 1328 2976; x_wconf 72' lang='grc' dir='ltr'><em>τραφῆναι</em></span> <span class='ocrx_word' id='word_1_169' title='bbox 1392 2894 1529 2970; x_wconf 82' lang='grc' dir='ltr'>Δία,</span> <span class='ocrx_word' id='word_1_170' title='bbox 1594 2896 1664 2955; x_wconf 84' lang='grc' dir='ltr'>τὸ</span> <span class='ocrx_word' id='word_1_171' title='bbox 1722 2895 1935 2976; x_wconf 85' lang='grc' dir='ltr'><em>χωρίον</em></span> <span class='ocrx_word' id='word_1_172' title='bbox 1998 2905 2184 2955; x_wconf 80' lang='grc' dir='ltr'><em>τοῦτο</em></span> <span class='ocrx_word' id='word_1_173' title='bbox 2234 2889 2383 2956; x_wconf 69' lang='grc' dir='ltr'><em>εἶναι</em></span> <span class='ocrx_word' id='word_1_174' title='bbox 2431 2897 2531 2955; x_wconf 84' lang='grc' dir='ltr'>καὶ</span> 
     </span>
     <span class='ocr_line' id='line_1_22' title="bbox 209 2998 1659 3086; baseline 0.002 -26"><span class='ocrx_word' id='word_1_175' title='bbox 209 2998 273 3057; x_wconf 82' lang='grc' dir='ltr'>οὐ</span> <span class='ocrx_word' id='word_1_176' title='bbox 315 3004 422 3082; x_wconf 76' lang='grc' dir='ltr'>τὴν</span> <span class='ocrx_word' id='word_1_177' title='bbox 470 3015 653 3084; x_wconf 83' lang='grc' dir='ltr'><em>νῆσον</em></span> <span class='ocrx_word' id='word_1_178' title='bbox 705 3004 1192 3086; x_wconf 80' lang='grc' dir='ltr'><em>ἀμφισβητοῦσιν</em></span> <span class='ocrx_word' id='word_1_179' title='bbox 1238 3005 1293 3064; x_wconf 80' lang='grc' dir='ltr'>οἱ</span> <span class='ocrx_word' id='word_1_180' title='bbox 1338 3000 1659 3084; x_wconf 62' lang='grc' dir='ltr'>Ἀρκάδες.</span> 
     </span>
    </p>

    <p class='ocr_par' dir='ltr' id='par_1_6' title="bbox 208 3110 2532 3435">
     <span class='ocr_line' id='line_1_23' title="bbox 300 3110 2532 3207; baseline 0.001 -26"><span class='ocrx_word' id='word_1_181' title='bbox 300 3111 624 3184; x_wconf 89' lang='lat' dir='ltr'>Arcades</span> <span class='ocrx_word' id='word_1_182' title='bbox 707 3124 949 3184; x_wconf 89' lang='lat' dir='ltr'>autem</span> <span class='ocrx_word' id='word_1_183' title='bbox 1031 3111 1290 3184; x_wconf 91' lang='lat' dir='ltr'>iniuria</span> <span class='ocrx_word' id='word_1_184' title='bbox 1351 3111 1539 3183; x_wconf 90' lang='lat' dir='ltr'>hanc</span> <span class='ocrx_word' id='word_1_185' title='bbox 1599 3111 2020 3207; x_wconf 92' lang='lat' dir='ltr'>opinionem</span> <span class='ocrx_word' id='word_1_186' title='bbox 2078 3110 2298 3183; x_wconf 91' lang='lat' dir='ltr'>tuitos</span> <span class='ocrx_word' id='word_1_187' title='bbox 2355 3137 2532 3197; x_wconf 92' lang='lat' dir='ltr'>esse,</span> 
     </span>
     <span class='ocr_line' id='line_1_24' title="bbox 208 3234 2531 3333; baseline 0.002 -31"><span class='ocrx_word' id='word_1_188' title='bbox 208 3245 276 3304; x_wconf 92' lang='lat' dir='ltr'>ut</span> <span class='ocrx_word' id='word_1_189' title='bbox 348 3235 483 3331; x_wconf 91' lang='lat' dir='ltr'>ipsi</span> <span class='ocrx_word' id='word_1_190' title='bbox 548 3235 688 3309; x_wconf 90' lang='lat' dir='ltr'>sibi</span> <span class='ocrx_word' id='word_1_191' title='bbox 742 3236 1054 3333; x_wconf 85' lang='lat' dir='ltr'>gloriam</span> <span class='ocrx_word' id='word_1_192' title='bbox 1105 3245 1247 3318; x_wconf 82' lang='grc' dir='ltr'><em>Διός</em></span> <span class='ocrx_word' id='word_1_193' title='bbox 1293 3234 1746 3308; x_wconf 90' lang='lat' dir='ltr'>educationis</span> <span class='ocrx_word' id='word_1_194' title='bbox 1802 3235 2269 3322; x_wconf 88' lang='lat' dir='ltr'>vindicarent,</span> <span class='ocrx_word' id='word_1_195' title='bbox 2309 3237 2531 3309; x_wconf 90' lang='lat' dir='ltr'>mani-</span> 
     </span>
     <span class='ocr_line' id='line_1_25' title="bbox 209 3353 1045 3435; baseline 0.01 -10"><span class='ocrx_word' id='word_1_196' title='bbox 209 3353 449 3433; x_wconf 88' lang='lat' dir='ltr'>festum</span> <span class='ocrx_word' id='word_1_197' title='bbox 509 3360 685 3433; x_wconf 88' lang='lat' dir='ltr'>mihi</span> <span class='ocrx_word' id='word_1_198' title='bbox 742 3361 1045 3435; x_wconf 89' lang='lat' dir='ltr'>videtur.</span> 
     </span>
    </p>

    <p class='ocr_par' dir='ltr' id='par_1_7' title="bbox 302 3485 2529 3574">
     <span class='ocr_line' id='line_1_26' title="bbox 302 3485 2529 3574; baseline 0 -17"><span class='ocrx_word' id='word_1_199' title='bbox 302 3485 580 3558; x_wconf 91' lang='lat' dir='ltr'>Ultimo</span> <span class='ocrx_word' id='word_1_200' title='bbox 635 3486 802 3558; x_wconf 94' lang='lat' dir='ltr'>loco</span> <span class='ocrx_word' id='word_1_201' title='bbox 862 3485 1133 3565; x_wconf 90' lang='lat' dir='ltr'>mentio</span> <span class='ocrx_word' id='word_1_202' title='bbox 1191 3485 1528 3558; x_wconf 86' lang='lat' dir='ltr'>facienda</span> <span class='ocrx_word' id='word_1_203' title='bbox 1564 3498 1674 3558; x_wconf 92' lang='lat' dir='ltr'>est</span> <span class='ocrx_word' id='word_1_204' title='bbox 1717 3497 1858 3567; x_wconf 82' lang='grc' dir='ltr'><em>Διὸς</em></span> <span class='ocrx_word' id='word_1_205' title='bbox 1906 3491 2274 3574; x_wconf 82' lang='grc' dir='ltr'><em>Ὀλυμπίου,</em></span> <span class='ocrx_word' id='word_1_206' title='bbox 2321 3485 2529 3558; x_wconf 90' lang='lat' dir='ltr'>cuius</span> 
     </span>
    </p>
   </div>
   <div class='ocr_carea' id='block_1_5' title="bbox 210 3608 2531 3708">
    <p class='ocr_par' dir='ltr' id='par_1_8' title="bbox 210 3608 2531 3708">
     <span class='ocr_line' id='line_1_27' title="bbox 210 3608 2531 3708; baseline 0.003 -33"><span class='ocrx_word' id='word_1_207' title='bbox 210 3608 425 3684; x_wconf 87' lang='lat' dir='ltr'>cultus</span> <span class='ocrx_word' id='word_1_208' title='bbox 473 3636 696 3706; x_wconf 89' lang='lat' dir='ltr'>quam</span> <span class='ocrx_word' id='word_1_209' title='bbox 734 3612 877 3685; x_wconf 89' lang='lat' dir='ltr'>late</span> <span class='ocrx_word' id='word_1_210' title='bbox 914 3637 1049 3708; x_wconf 89' lang='lat' dir='ltr'>per</span> <span class='ocrx_word' id='word_1_211' title='bbox 1084 3624 1314 3684; x_wconf 91' lang='lat' dir='ltr'>totam</span> <span class='ocrx_word' id='word_1_212' title='bbox 1358 3609 1748 3686; x_wconf 87' lang='lat' dir='ltr'>Graeciam</span> <span class='ocrx_word' id='word_1_213' title='bbox 1787 3611 2261 3707; x_wconf 84' lang='lat' dir='ltr'>pervulgatus</span> <span class='ocrx_word' id='word_1_214' title='bbox 2300 3610 2531 3696; x_wconf 82' lang='lat' dir='ltr'>fuerit,</span> 
     </span>
    </p>
   </div>
   <div class='ocr_carea' id='block_1_6' title="bbox 212 3797 617 3815">
    <p class='ocr_par' dir='ltr' id='par_1_9' title="bbox 212 3797 617 3815">
     <span class='ocr_line' id='line_1_28' title="bbox 212 3797 617 3815; baseline 0 1299"><span class='ocrx_word' id='word_1_215' title='bbox 212 3797 617 3815; x_wconf 95' lang='lat' dir='ltr'> </span> 
     </span>
    </p>
   </div>
   <div class='ocr_carea' id='block_1_7' title="bbox 272 3931 2527 3997">
    <p class='ocr_par' dir='ltr' id='par_1_10' title="bbox 272 3931 2527 3997">
     <span class='ocr_line' id='line_1_29' title="bbox 272 3931 2527 3997; baseline 0.003 -21"><span class='ocrx_word' id='word_1_216' title='bbox 272 3937 315 3990; x_wconf 90' lang='lat'>1)</span> <span class='ocrx_word' id='word_1_217' title='bbox 351 3931 427 3982; x_wconf 88' lang='lat' dir='ltr'>Cf.</span> <span class='ocrx_word' id='word_1_218' title='bbox 465 3932 622 3981; x_wconf 89' lang='lat' dir='ltr'>Diod.</span> <span class='ocrx_word' id='word_1_219' title='bbox 659 3932 758 3982; x_wconf 88' lang='lat' dir='ltr'>Sic.</span> <span class='ocrx_word' id='word_1_220' title='bbox 798 3933 850 3980; x_wconf 90' lang='lat' dir='ltr'>V</span> <span class='ocrx_word' id='word_1_221' title='bbox 891 3942 973 3993; x_wconf 91' lang='lat'>70.</span> <span class='ocrx_word' id='word_1_222' title='bbox 1014 3932 1201 3982; x_wconf 89' lang='lat' dir='ltr'>Athen.</span> <span class='ocrx_word' id='word_1_223' title='bbox 1240 3933 1327 3979; x_wconf 89' lang='lat' dir='ltr'>IX</span> <span class='ocrx_word' id='word_1_224' title='bbox 1364 3948 1413 3996; x_wconf 90' lang='lat' dir='ltr'>p.</span> <span class='ocrx_word' id='word_1_225' title='bbox 1455 3941 1553 3995; x_wconf 90' lang='lat'>375</span> <span class='ocrx_word' id='word_1_226' title='bbox 1588 3933 1650 3981; x_wconf 90' lang='lat' dir='ltr'>F.</span> <span class='ocrx_word' id='word_1_227' title='bbox 1687 3932 1842 3980; x_wconf 92' lang='lat' dir='ltr'>Dion.</span> <span class='ocrx_word' id='word_1_228' title='bbox 1864 3931 2211 3982; x_wconf 85' lang='lat' dir='ltr'>Halic.1161.</span> <span class='ocrx_word' id='word_1_229' title='bbox 2248 3933 2387 3982; x_wconf 86' lang='lat' dir='ltr'>Max.</span> <span class='ocrx_word' id='word_1_230' title='bbox 2406 3933 2527 3997; x_wconf 89' lang='lat' dir='ltr'>Tyr.</span> 
     </span>
    </p>
   </div>
   <div class='ocr_carea' id='block_1_8' title="bbox 144 4014 590 4071">
    <p class='ocr_par' dir='ltr' id='par_1_11' title="bbox 144 4014 590 4071">
     <span class='ocr_line' id='line_1_30' title="bbox 144 4014 590 4071; baseline 0.022 -10"><span class='ocrx_word' id='word_1_231' title='bbox 144 4021 148 4027; x_wconf 74' lang='grc'><em>’</em></span> <span class='ocrx_word' id='word_1_232' title='bbox 205 4014 328 4067; x_wconf 78' lang='lat' dir='ltr'>Diss.</span> <span class='ocrx_word' id='word_1_233' title='bbox 363 4021 503 4070; x_wconf 89' lang='lat' dir='ltr'>XVI</span> <span class='ocrx_word' id='word_1_234' title='bbox 547 4035 590 4071; x_wconf 92' lang='lat'>1.</span> 
     </span>
    </p>
   </div>
   <div class='ocr_carea' id='block_1_9' title="bbox 209 4108 2527 4440">
    <p class='ocr_par' dir='ltr' id='par_1_12' title="bbox 273 4108 910 4173">
     <span class='ocr_line' id='line_1_31' title="bbox 273 4108 910 4173; baseline 0.013 -20"><span class='ocrx_word' id='word_1_235' title='bbox 273 4108 318 4167; x_wconf 90' lang='lat'>2)</span> <span class='ocrx_word' id='word_1_236' title='bbox 352 4108 431 4160; x_wconf 83' lang='lat' dir='ltr'>Cf.</span> <span class='ocrx_word' id='word_1_237' title='bbox 468 4112 618 4160; x_wconf 69' lang='lat' dir='ltr'>Faus·</span> <span class='ocrx_word' id='word_1_238' title='bbox 654 4111 737 4160; x_wconf 90' lang='lat' dir='ltr'>IV</span> <span class='ocrx_word' id='word_1_239' title='bbox 773 4123 910 4173; x_wconf 87' lang='lat'>33‚1.</span> 
     </span>
    </p>

    <p class='ocr_par' dir='ltr' id='par_1_13' title="bbox 209 4197 2527 4351">
     <span class='ocr_line' id='line_1_32' title="bbox 271 4197 2527 4264; baseline 0 -19"><span class='ocrx_word' id='word_1_240' title='bbox 271 4197 317 4256; x_wconf 85' lang='lat'>3)</span> <span class='ocrx_word' id='word_1_241' title='bbox 356 4198 501 4250; x_wconf 83' lang='lat' dir='ltr'>Imm.</span> <span class='ocrx_word' id='word_1_242' title='bbox 558 4199 632 4248; x_wconf 86' lang='lat' dir='ltr'>K.</span> <span class='ocrx_word' id='word_1_243' title='bbox 688 4216 737 4250; x_wconf 90' lang='lat' dir='ltr'>u.</span> <span class='ocrx_word' id='word_1_244' title='bbox 791 4201 868 4250; x_wconf 87' lang='lat' dir='ltr'>M.</span> <span class='ocrx_word' id='word_1_245' title='bbox 922 4203 989 4249; x_wconf 90' lang='lat' dir='ltr'>A.</span> <span class='ocrx_word' id='word_1_246' title='bbox 1046 4216 1096 4264; x_wconf 87' lang='lat' dir='ltr'>p.</span> <span class='ocrx_word' id='word_1_247' title='bbox 1155 4212 1450 4263; x_wconf 85' lang='lat'>213—222.</span> <span class='ocrx_word' id='word_1_248' title='bbox 1493 4200 1570 4249; x_wconf 82' lang='lat' dir='ltr'>Cf.</span> <span class='ocrx_word' id='word_1_249' title='bbox 1616 4199 1838 4247; x_wconf 87' lang='lat' dir='ltr'>eiusdem</span> <span class='ocrx_word' id='word_1_250' title='bbox 1877 4200 2090 4248; x_wconf 84' lang='lat' dir='ltr'>auctoris</span> <span class='ocrx_word' id='word_1_251' title='bbox 2129 4198 2308 4256; x_wconf 86' lang='lat' dir='ltr'>studia,</span> <span class='ocrx_word' id='word_1_252' title='bbox 2347 4199 2527 4262; x_wconf 89' lang='lat' dir='ltr'>quibus</span> 
     </span>
     <span class='ocr_line' id='line_1_33' title="bbox 209 4280 2407 4351; baseline 0.003 -24"><span class='ocrx_word' id='word_1_253' title='bbox 209 4280 363 4333; x_wconf 88' lang='lat' dir='ltr'>titulus</span> <span class='ocrx_word' id='word_1_254' title='bbox 399 4293 473 4336; x_wconf 83' lang='lat' dir='ltr'>est</span> <span class='ocrx_word' id='word_1_255' title='bbox 511 4288 814 4350; x_wconf 83' lang='lat' dir='ltr'>„Rheasage</span> <span class='ocrx_word' id='word_1_256' title='bbox 851 4290 956 4337; x_wconf 91' lang='lat' dir='ltr'>und</span> <span class='ocrx_word' id='word_1_257' title='bbox 992 4288 1245 4338; x_wconf 86' lang='lat' dir='ltr'>Rheacult</span> <span class='ocrx_word' id='word_1_258' title='bbox 1282 4291 1332 4335; x_wconf 91' lang='lat' dir='ltr'>in</span> <span class='ocrx_word' id='word_1_259' title='bbox 1370 4289 1601 4337; x_wconf 88' lang='lat' dir='ltr'>Arkad.&#39;&#39;</span> <span class='ocrx_word' id='word_1_260' title='bbox 1640 4289 1807 4337; x_wconf 90' lang='lat' dir='ltr'>Bonn.</span> <span class='ocrx_word' id='word_1_261' title='bbox 1844 4286 1989 4337; x_wconf 90' lang='lat' dir='ltr'>Stud.</span> <span class='ocrx_word' id='word_1_262' title='bbox 2027 4303 2114 4351; x_wconf 91' lang='lat' dir='ltr'>pp.</span> <span class='ocrx_word' id='word_1_263' title='bbox 2163 4286 2256 4335; x_wconf 91' lang='lat'>188</span> <span class='ocrx_word' id='word_1_264' title='bbox 2297 4302 2407 4350; x_wconf 91' lang='lat' dir='ltr'>sqq.</span> 
     </span>
    </p>

    <p class='ocr_par' dir='ltr' id='par_1_14' title="bbox 274 4370 2239 4440">
     <span class='ocr_line' id='line_1_34' title="bbox 274 4370 2239 4440; baseline 0.001 -18"><span class='ocrx_word' id='word_1_265' title='bbox 274 4375 337 4435; x_wconf 87' lang='lat'>4)</span> <span class='ocrx_word' id='word_1_266' title='bbox 375 4376 522 4426; x_wconf 88' lang='lat' dir='ltr'>Imm.</span> <span class='ocrx_word' id='word_1_267' title='bbox 560 4392 610 4440; x_wconf 92' lang='lat' dir='ltr'>p.</span> <span class='ocrx_word' id='word_1_268' title='bbox 653 4370 780 4425; x_wconf 72' lang='lat'><strong>222&#39;:</strong></span> <span class='ocrx_word' id='word_1_269' title='bbox 821 4378 1124 4435; x_wconf 88' lang='lat' dir='ltr'>„Kretische</span> <span class='ocrx_word' id='word_1_270' title='bbox 1159 4377 1411 4426; x_wconf 74' lang='lat' dir='ltr'>Einfliisse</span> <span class='ocrx_word' id='word_1_271' title='bbox 1446 4377 1651 4427; x_wconf 89' lang='lat' dir='ltr'>wurden</span> <span class='ocrx_word' id='word_1_272' title='bbox 1685 4378 1916 4440; x_wconf 83' lang='lat' dir='ltr'>nirgends</span> <span class='ocrx_word' id='word_1_273' title='bbox 1953 4376 2239 4425; x_wconf 83' lang='lat' dir='ltr'>ermittelt.”</span> 
     </span>
    </p>
   </div>
  </div>
 </body>
</html>
