3144 5114
1545 492 1642 559 88

421 701 516 773 de
596 712 852 773 sancto
936 698 1304 796 Dionysio
1388 698 1680 772 fabulae
1765 712 2148 772 narrantur
2229 697 2610 786 eiusmodi,
2692 714 2785 773 ut

421 823 595 897 nulli
651 822 1086 896 dubitationi
1142 822 1543 896 obnoxium
1600 822 1695 896 sit
1746 823 1943 896 hunc
1999 822 2236 896 virum
2285 837 2618 897 sanctum
2648 824 2778 898 dei

423 948 738 1046 Dionysi
794 947 989 1021 vices
1045 946 1119 1019 in
1173 973 1255 1021 se
1310 940 1673 1043 recepisse
1711 942 1778 1045 ¹).
1845 947 2131 1021 Eadem
2187 962 2432 1020 autem
2490 948 2784 1022 ratione

424 1087 531 1145 τὸν
574 1080 749 1160 ἅγιον
793 1079 987 1143 Ἠλία
1030 1071 1276 1145 locum
1337 1079 1567 1143 Ἡλίου
1623 1096 2046 1168 occupasse,
2099 1072 2587 1146 Wachsmuth
2641 1075 2785 1146 ob-

421 1197 752 1282 servavit,
807 1196 925 1270 cui
980 1210 1238 1293 postea
1292 1195 1545 1268 Politis
1583 1194 1635 1292 2>
1692 1221 2029 1270 assensus
2086 1210 2211 1270 est.
2266 1198 2489 1270 Plura
2523 1210 2776 1271 tamen

421 1336 590 1398 sunt
672 1335 1105 1421 argumenta
1157 1346 1391 1415 eaque
1454 1322 1655 1394 haud
1710 1320 1888 1394 levis
1946 1321 2316 1408 momenti,
2372 1348 2562 1417 quae
2618 1347 2774 1395 non

422 1448 577 1523 sine
662 1472 931 1543 magna
1011 1444 1330 1518 veritatis
1412 1445 1658 1541 specie
1739 1459 1996 1518 contra
2075 1446 2266 1519 hanc
2338 1446 2776 1520 sententiam

424 1571 733 1670 proferri
789 1583 1133 1667 possunt;
1190 1569 1537 1664 quocirca
1591 1571 1773 1643 haec
1811 1584 2247 1667 argumenta
2281 1571 2502 1667 paulo
2540 1570 2785 1644 fusius

426 1697 907 1795 pertractabO,
989 1707 1379 1789 antequam
1457 1693 1796 1768 distincte
1850 1694 2113 1781 dicam,
2177 1694 2356 1789 quid
2411 1695 2506 1768 de
2562 1695 2778 1769 Eliae

424 1821 890 1896 veneratione
953 1819 1278 1893 sentiam.
1334 1819 1663 1891 Primum
1695 1805 1866 1891 'huc
1922 1818 2113 1905 facit,
2168 1821 2371 1913 quod
2410 1820 2784 1916 permulta

431 1946 787 2020 montium
845 1944 1242 2029 cacumina,
1298 1969 1489 2037 quae
1542 1943 1766 2016 hodie
1821 1943 2029 2016 Eliae
2083 1945 2488 2039 prophetae
2524 1969 2790 2018 conse-

428 2086 627 2146 crata
706 2083 892 2156 sunt,
975 2068 1147 2141 olim
1231 2092 1378 2139 non
1444 2075 1646 2162 Ἡλίῳ
1693 2092 1903 2141 sacra
1957 2082 2177 2155 erant,
2231 2070 2364 2142 sed
2420 2068 2576 2142 aliis
2632 2068 2781 2142 diis

428 2196 940 2289 heroibusque,
996 2191 1353 2289 imprimis
1401 2204 1501 2263 Λιί
1547 2191 1687 2287 ipsi
1723 2188 1793 2291 3).
1849 2194 2234 2266 Praeterea
2289 2194 2489 2267 Elias
2542 2207 2788 2266 tanto—

431 2489 538 2522 sam
576 2472 667 2519 mit
703 2470 819 2518 dem
855 2468 988 2517 alten
1027 2467 1254 2517 Glauben
1291 2467 1619 2530 umzugehen,
1659 2465 1941 2516 christliche
1979 2466 2176 2516 Lehren
2213 2468 2307 2516 mit
2341 2466 2605 2517 {ihnlichen
2642 2469 2787 2517 Vor-

430 2562 704 2625 stellungen
754 2559 842 2607 des
889 2556 1265 2607 Heidenthums
1314 2573 1376 2606 zu
1426 2555 1814 2621 parallelisiren'’
1838 2593 1851 2607 .
1868 2592 1881 2605 .
1904 2594 1917 2607 .
1940 2594 1954 2607 .
1978 2592 1991 2606 .
2040 2556 2144 2616 „So
2186 2556 2284 2624 viel
2318 2556 2492 2622 irgend
2531 2556 2785 2619 thunlich,

429 2651 616 2700 behielt
651 2664 768 2697 man
805 2648 952 2696 dabei
986 2647 1169 2696 bereits
1206 2645 1363 2694 durch
1398 2644 1693 2695 heidnische
1732 2645 2031 2710 Verehrung
2066 2646 2312 2709 geweihte
2348 2648 2543 2698 Statten
2568 2649 2650 2696 fiir
2675 2649 2788 2699 den

431 2756 591 2790 neuen
628 2738 764 2787 Kult
799 2737 931 2786 bei.’'
1007 2761 1009 2763 ·
2093 2734 2097 2746 '

510 2831 554 2891 Ι)
589 2828 726 2876 Talis
763 2825 1057 2875 narrationis
1093 2824 1278 2872 illustre
1313 2823 1613 2888 exemplum,
1653 2825 1789 2888 quod
1826 2825 1930 2887 agit
1967 2824 2031 2873 de
2068 2833 2240 2874 sancto
2259 2825 2507 2889 Dionysio
2533 2811 2591 2875 =in
2613 2826 2786 2877 insula

431 2918 598 2968 Naxia
632 2918 805 2964 vinum
842 2914 1142 2970 inveniente,
1180 2920 1601 2961 commemoratur
1635 2913 1769 2977 apud
1800 2914 1851 2976 J.
1890 2913 1952 2963 G.
1991 2930 2041 2962 v.
2060 2914 2232 2972 Hahn,
2254 2915 2305 2961 in
2324 2914 2467 2972 libro,
2493 2915 2578 2978 qui
2602 2916 2795 2965 inscri-

431 3010 565 3057 bitur
612 3003 962 3070 „Griechische
1009 3002 1112 3050 und
1153 3001 1513 3050 Albanesische
1549 3001 1822 3051 Marchen''
1868 3003 1924 3049 Π
1964 3001 2029 3064 76
2068 3019 2179 3067 sqq.
2215 3004 2418 3051 Naxum
2455 3012 2622 3052 autem
2649 3006 2786 3053 anti-

431 3096 684 3161 quissimis
740 3093 1046 3157 temporibus
1101 3092 1330 3154 Dionyso
1379 3090 1623 3154 imprimis
1669 3091 1885 3139 dicatam
1931 3092 2087 3140 fuisse
2134 3099 2258 3140 nota
2301 3107 2380 3140 res
2416 3100 2508 3150 est,
2547 3094 2789 3156 quocirca

432 3201 532 3234 non
557 3184 792 3232 miramur
815 3181 946 3230 hanc
968 3181 1180 3229 insulam
1207 3181 1259 3226 in
1285 3178 1466 3227 fabulis
1492 3180 1556 3228 de
1577 3185 1752 3228 sancto
1771 3180 2019 3244 Dionysio
2038 3181 2329 3245 primarium
2348 3180 2574 3230 obtinere
2592 3180 2794 3233 locum-

508 3275 561 3338 2)
609 3273 803 3330 Pontis,
856 3269 888 3324 ὁ
930 3271 1153 3331 Ἵίλιος
1197 3268 1341 3324 κατὰ
1387 3268 1522 3331 τούς
1559 3266 1849 3341 δημώδης
1889 3268 2114 3341 μύθους
2153 3286 2241 3335 pp.
2268 3281 2331 3334 45
2359 3285 2404 3318 e.
2422 3286 2475 3334 q.
2494 3286 2534 3319 s,
2556 3271 2786 3320 Wachs-

435 3367 592 3425 muth,
631 3367 699 3418 D.
720 3384 767 3416 a.
787 3367 874 3418 Gr.
896 3366 928 3415 i.
950 3382 998 3415 n.
1036 3382 1089 3429 p.
1113 3378 1205 3427 23:
1247 3381 1340 3423 „so
1377 3365 1503 3414 loste
1540 3366 1639 3413 den
1676 3366 1762 3412 auf
1796 3366 2037 3427 feurigem
2057 3365 2260 3428 Wagen
2284 3380 2366 3412 am
2403 3364 2632 3413 Himmel
2671 3365 2798 3414 sah-

432 3457 619 3506 renden
654 3456 970 3517 Sonnengott
1006 3454 1186 3502 Helios
1225 3452 1367 3520 (oder
1404 3455 1499 3502 wie
1537 3470 1656 3501 man
1692 3452 1855 3502 sicher
1891 3453 2083 3501 damals
2119 3453 2169 3500 in
2212 3464 2258 3516 5.
2297 3452 2401 3500 und
2439 3450 2489 3503 6.
2518 3452 2792 3517 Jahrhun-

433 3547 542 3594 dert
578 3544 734 3593 sehon
770 3552 907 3607 sagte
944 3544 1088 3605 Ilios)
1126 3545 1178 3591 in
1214 3544 1385 3591 seinen
1421 3543 1512 3591 auf
1539 3542 1710 3590 hohen
1745 3543 1941 3605 Bergen
1977 3542 2247 3605 gelegenen
2281 3541 2692 3613 Heiligthiimern
2716 3545 2790 3593 ab

432 3634 522 3682 der
575 3632 666 3681 auf
713 3633 950 3695 feurigem
1003 3632 1205 3694 Wagen
1250 3647 1347 3694 gen
1383 3630 1613 3680 Himmel
1650 3630 1907 3689 fahrende‚
1957 3631 2084 3680 auch
2129 3630 2333 3679 lautlich
2371 3630 2501 3679 nahe
2537 3631 2796 3683 stehende

432 3723 570 3771 Elias
608 3721 816 3783 (Ilias).'’

505 3808 560 3877 3)
599 3811 680 3860 Cf.
718 3811 780 3859 L.
817 3811 975 3868 Ross,
1016 3810 1443 3871 „Wanderungen
1480 3810 1532 3856 in
1571 3808 1935 3857 Griechenland
1969 3809 2043 3857 im
2083 3809 2295 3872 Gefolge
2312 3808 2402 3857 des
2422 3809 2627 3872 Konigs
2652 3810 2793 3861 Otto

433 3901 538 3950 und
574 3900 661 3947 der
684 3900 951 3962 Koniginn
985 3898 1238 3956 Amalie‚''
1276 3898 1331 3944 II
1370 3911 1498 3945 212:
1539 3899 1682 3956 „Auf
1718 3898 1800 3946 die
1836 3897 2123 3946 scheinbare
2141 3898 2672 3962 Uebereinstimmung
2693 3900 2802 3949 der

431 3991 636 4038 Namen
685 3988 866 4038 Helios
916 3988 1020 4036 und
1056 3988 1194 4036 Elias
1231 3986 1319 4035 hat
1355 4003 1474 4035 man
1510 4003 1568 4035 so
1606 3985 1704 4036 viel
1739 3988 1836 4036 wie
1873 3986 2038 4035 nichts
2075 4003 2139 4034 zu
2173 3987 2352 4050 geben.
2406 3988 2512 4035 Der
2548 3988 2798 4052 Prophet

432 4079 571 4127 Elias
607 4077 695 4126 hat
731 4079 783 4125 in
819 4076 1185 4126 Griechenland
1221 4077 1400 4125 Gotter
1436 4074 1557 4124 aller
1592 4078 1692 4124 Art
1728 4091 1830 4124 von
1853 4075 2021 4124 hohen
2047 4076 2151 4123 und
2174 4075 2428 4138 niedrigen
2453 4075 2792 4140 Bergspitzen

432 4167 745 4230 verdrtingtss’
803 4168 997 4215 Eadem
1052 4167 1154 4214 fere
1206 4164 1416 4228 legimus
1471 4166 1608 4229 apud
1667 4164 1727 4213 C.
1765 4165 1993 4222 Bursian,
2043 4164 2237 4214 Rhein.
2273 4165 2411 4213 Mus.
2448 4165 2593 4213 XVI
2643 4166 2783 4216 1861

432 4273 483 4320 p.
511 4268 610 4319 423
653 4264 702 4304 et
737 4257 798 4305 B.
838 4255 1085 4317 Schmidt,
1137 4255 1280 4312 „Das
1329 4254 1644 4304 Volksleben
1691 4255 1781 4301 der
1826 4252 2175 4319 Neugriechen
2221 4254 2325 4303 und
2343 4254 2431 4301 das
2455 4253 2800 4306 Hellenische

433 4344 758 4393 Alterthum’'
798 4344 824 4390 Ι
851 4343 937 4406 48.
