3144 5114
1572 490 1677 557 40

562 679 1126 753 Narrationibus
1180 680 1380 753 hisce
1433 680 1966 778 Aeginetorum
2016 682 2109 753 de
2135 683 2409 767 AeaCO,
2438 681 2794 754 imbrium

453 806 945 901 deprecatore,
998 804 1199 878 haud
1256 805 1624 879 dissimilis
1680 820 1789 880 est
1843 807 2161 880 Ceorum
2219 808 2313 880 de
2367 806 2592 880 heroe
2656 832 2799 880 suo

451 930 792 1003 Aristaeo
850 927 1185 1028 fabula¹).
1243 932 1669 1031 Narrabant
1723 931 1937 1017 enim,
1974 956 2144 1004 cum
2175 930 2570 1026 aliquando
2601 931 2804 1004 circa

455 1054 623 1128 Sirii
698 1067 939 1127 ortum
1015 1055 1237 1128 ardor
1289 1055 1466 1130 solis
1520 1070 1742 1150 atque
1798 1055 2142 1129 imbrium
2202 1056 2516 1129 defectio
2574 1082 2801 1154 agros

453 1178 721 1253 fertiles
795 1179 1193 1252 insularum
1251 1182 1657 1279 Cycladum
1714 1175 2158 1267 vastavisset,
2212 1181 2551 1275 antiquos
2607 1182 2802 1255 Ceos

455 1304 730 1377 oraculi
830 1306 1198 1401 responsis
1289 1308 1684 1380 obsecutos
1764 1305 2203 1392 Aristaeum,
2282 1305 2629 1402 Apolline
2709 1330 2800 1377 ac

455 1431 739 1527 Cyrene
811 1444 1083 1517 natum,
1157 1431 1496 1518 oravisse,
1569 1445 1650 1504 ut
1723 1457 1813 1504 ex
1884 1433 2067 1504 urbe
2123 1430 2385 1503 Phthia
2437 1430 2577 1504 sibi
2631 1432 2800 1504 sub-

453 1554 745 1627 veniret.
802 1557 1084 1628 Eorum
1143 1556 1485 1653 precibus
1540 1557 1982 1654 perductum
2056 1555 2496 1641 Aristaeum,
2570 1556 2797 1630 Ceam

453 1680 885 1777 profectum,
941 1680 1042 1753 ibi
1082 1707 1209 1753 ara
1260 1695 1404 1764 Διὸς
1450 1692 1733 1772 Ἰκμαίου
1781 1681 1851 1753 in
1881 1681 2047 1754 loco
2077 1680 2364 1754 excelso
2396 1680 2800 1766 aedificata,

453 1805 623 1878 huic
707 1806 849 1878 deo
932 1819 1006 1878 et
1085 1805 1304 1879 sideri
1395 1807 1562 1879 Siro
1655 1832 1864 1879 sacra
1943 1806 2316 1903 peregisse
2352 1803 2439 1905 2);
2529 1805 2800 1900 quibus

454 1930 661 2004 factis
744 1930 1132 2004 etesiarum
1201 1931 1416 2005 flatus
1472 1931 1757 2028 pluvias
1814 1957 2062 2004 rursus
2119 1931 2443 2005 attulisse
2498 1944 2570 2004 et
2614 1930 2800 2027 peri-

455 2055 700 2128 culum
775 2056 1119 2129 siccitatis
1211 2057 1571 2130 avertisse.
1675 2038 1853 2130 Inde
1927 2056 2054 2130 Cei
2125 2055 2544 2129 Aristaeum
2620 2068 2801 2128 tam-

456 2207 678 2277 quam
736 2182 958 2254 deum
1015 2182 1256 2254 colere
1310 2182 1660 2255 solebant.

563 2307 677 2378 Ex
730 2306 842 2380 his
898 2306 1122 2402 igitur
1176 2306 1321 2378 iam
1378 2300 1643 2379 clarius
1699 2305 2154 2404 intellegitur,
2210 2307 2392 2402 quid
2447 2307 2558 2392 sit,
2593 2309 2799 2402 quod

461 2431 965 2504 Dicaearchus
1024 2432 1064 2503 l.
1109 2432 1151 2503 l.
1199 2446 1442 2503 narrat
1495 2432 1590 2504 de
1646 2442 1924 2529 pompa
1979 2432 2098 2504 illa
2154 2431 2226 2504 in
2285 2434 2552 2507 montis
2617 2433 2799 2505 Pelii

454 2556 800 2630 verticem
877 2570 1041 2629 acta
1102 2559 1242 2630 sub
1314 2570 1606 2654 tempus
1682 2557 1975 2631 orientis
2031 2557 2442 2645 Caniculae,
2497 2559 2799 2655 quando

456 2695 697 2755 aestus
754 2683 845 2755 sit
897 2682 1394 2779 gravissimus.
1454 2682 1826 2756 Nimirum
1868 2695 2191 2756 montem
2231 2685 2796 2789 adscendebant,

457 2822 537 2879 ut
591 2834 636 2880 a
680 2819 782 2879 Διί
826 2808 1097 2904 imbres
1153 2808 1641 2905 impetrarent.
1699 2808 1897 2901 Quid
1954 2809 2159 2903 quod
2198 2808 2416 2881 etiam
2447 2809 2518 2881 in
2550 2823 2801 2883 monte

460 2935 753 3030 Lycaeo
838 2958 882 3004 a
947 2945 1046 3003 Διὶ
1083 2942 1345 3026 Λυκαίῳ
1410 2932 1681 3006 imbres
1765 2935 2246 3030 petebantur?
2332 2935 2500 3026 Qua
2571 2935 2665 3007 de
2721 2960 2803 3008 re

456 3057 639 3129 haec
722 3057 940 3129 docet
1023 3056 1423 3131 Pausanias
1461 3054 1531 3156 3).
1616 3058 1901 3151 Quodsi
1958 3058 2145 3132 forte
2202 3059 2546 3132 diuturna
2598 3058 2805 3132 sicci-

458 3196 603 3255 tate
658 3184 896 3256 solum
952 3182 1357 3255 Arcadium
1413 3185 1699 3256 laborat
1754 3198 1974 3279 atque
2028 3198 2314 3280 segetes
2355 3199 2805 3272 exarescunt,

458 3320 603 3390 Διὸς
648 3319 933 3380 Λυκαίου
1006 3308 1352 3381 sacerdos
1436 3309 1531 3381 ad
1615 3335 1883 3404 aquarn
1969 3308 2206 3396 fontis,
2289 3309 2407 3381 cui
2471 3310 2807 3407 nympha

461 3433 738 3529 Hagno
795 3457 1062 3505 nomen
1120 3433 1338 3520 dedit,
1394 3459 1563 3507 cum
1621 3434 2039 3531 precatione
2095 3459 2490 3508 conversus
2521 3434 2808 3531 riteque

536 3702 580 3763 1)
617 3701 694 3749 Cf.
744 3700 919 3765 Apoll.
980 3699 1088 3751 Rh.
1134 3703 1258 3763 Arg.
1298 3701 1399 3763 498
1439 3710 1489 3750 et
1528 3712 1627 3765 522
1667 3718 1779 3750 cum
1817 3702 2017 3751 scholiis
2054 3702 2426 3766 copiosissimis.
2502 3702 2661 3751 Diod.
2702 3704 2810 3759 Sic.

459 3791 539 3839 IV
578 3790 638 3838 81
682 3798 732 3838 et
771 3790 855 3840 82.
893 3789 1150 3854 Theophr.
1189 3790 1252 3838 de
1288 3798 1422 3842 vent.
1461 3791 1515 3837 II
1561 3804 1639 3853 14.
1678 3792 1826 3841 Pind.
1864 3790 2017 3855 Pyth.
2055 3793 2160 3843 IX.

535 3881 582 3941 2)
619 3880 788 3927 Etiam
844 3879 1105 3943 Apollonii
1158 3885 1321 3928 aetate
1375 3880 1504 3928 Ceae
1556 3881 1731 3929 incolis
1786 3880 1836 3928 in
1893 3896 2029 3929 more
2067 3889 2170 3929 erat
2207 3881 2299 3928 sub
2336 3888 2499 3929 ortum
2538 3882 2815 3933 Caniculae

461 3985 596 4017 sacra
633 3970 809 4020 faeere.
884 3969 962 4021 Cf.
1018 3971 1142 4031 Arg.
1198 3985 1273 4020 vs.
1331 3979 1433 4032 524
1479 3986 1575 4033 sq:

1614 4057 1748 4131 Κέῳ
1792 4054 1841 4108 δ’
1895 4055 1980 4112 ’ἔτι
2023 4062 2123 4113 νῦν
2165 4059 2353 4132 ἱερῆες

903 4150 1188 4207 ἀντολέων
1231 4154 1589 4228 προπάροιθε
1633 4152 1799 4215 κυνὸς
1840 4154 2075 4228 ῥέζουσι
2117 4155 2353 4225 θυηλάς.

533 4250 613 4300 Cf.
652 4256 904 4313 praeterea
941 4250 1143 4302 Heracl.
1182 4251 1332 4302 Pont.
1369 4251 1506 4315 apud
1543 4251 1703 4302 Cicer.
1742 4251 1916 4300 Divin.
1953 4252 1979 4300 I
2021 4261 2104 4314 57.

536 4337 586 4402 3)
625 4339 775 4386 PauS.
816 4338 953 4387 VIII
991 4337 1130 4401 38,4.
