3144 5114
1164 955 1956 1059 INDEX.

2741 1481 2853 1532 Pag.

264 1558 663 1619 Prooemium
707 1605 1821 1626 ............
1905 1612 1920 1645 .-
2007 1612 2718 1629 ........
2806 1573 2836 1630 1

265 1673 465 1750 Caput
502 1675 555 1734 Ι.
636 1677 730 1735 De
771 1678 1029 1738 deorum
1086 1681 1290 1740 cultus
1345 1683 1412 1741 in
1467 1683 1652 1742 editis
1691 1683 1844 1743 locis
1882 1683 2140 1757 ratione,
2180 1686 2498 1746 variorum
2538 1705 2724 1762 popu·

381 1787 582 1847 lorum
624 1791 930 1866 exemplis
969 1793 1281 1853 illustrata
1306 1838 2718 1861 ...............
2802 1802 2841 1860 8

265 1901 465 1978 Caput
499 1904 585 1963 11.
668 1905 762 1964 De
802 1906 953 1966 locis
995 1909 1181 1969 editis
1222 1911 1416 1969 sacris
1456 1912 1621 1986 apud
1663 1911 1934 1971 Graecos
1974 1913 2263 1973 universe
2307 1959 2720 1976 .....
2766 1918 2842 1975 18

266 2018 463 2094 Caput
498 2020 621 2081 ΙΙΙ.
663 2022 756 2080 De
799 2023 1066 2100 singulis
1109 2025 1228 2084 diis
1272 2026 1525 2086 Graecis
1566 2028 1635 2086 in
1675 2028 1996 2088 montibus
2038 2029 2221 2089 cultis
2304 2074 2716 2091 .....
2761 2033 2839 2091 27

699 2138 791 2196 De
836 2138 977 2206 Διὸς
1256 2144 1657 2231 veneratione
1701 2188 2712 2207 ...........
2758 2149 2836 2207 27

698 2254 791 2312 De
833 2252 1052 2325 Κρόνου
1258 2258 1662 2316 veneratione
1705 2300 2713 2319 ...........
2759 2263 2838 2320 50

697 2369 788 2427 De
836 2369 1038 2437 Πανός
1259 2374 1660 2434 veneratione
1700 2417 2711 2434 ...........
2756 2378 2834 2435 53

693 2486 784 2545 De
829 2486 1106 2544 Διονύσου
1263 2491 1663 2549 veneratione
1704 2533 2712 2549 ...........
2756 2492 2835 2551 54

694 2603 786 2661 De
829 2587 1051 2674 Ἐρμοῦ
1256 2604 1653 2664 veneratione
1695 2647 1709 2661 .
1795 2648 1808 2662 .
1896 2648 1911 2681 ,
1993 2648 2706 2664 ........
2753 2606 2830 2664 55

693 2719 784 2777 De
831 2701 1220 2785 Ἀπόλλωνος
1255 2721 1655 2781 veneratione
1699 2763 2711 2780 ...........
2754 2724 2832 2781 58

689 2834 783 2892 De
826 2817 1177 2908 Ἀρτέμιδος
1255 2838 1655 2897 veneratione
1698 2880 2710 2896 ...........
2752 2838 2831 2896 64

689 2950 783 3008 De
828 2934 1175 3028 Ἀφροδίτης
1260 2956 1661 3016 veneratione
1703 2995 2713 3014 ...........
2758 2954 2835 3011 72

688 3067 782 3125 ΒΘ
827 3066 1189 3135 Hoc-scaevae
1256 3072 1656 3132 veneratione
1699 3112 2710 3129 ...........
2754 3071 2830 3127 74

689 3182 783 3241 ΒΘ
825 3166 1092 3253 Ἀθηνᾶς
1258 3188 1656 3248 veneratione
1699 3227 2708 3246 ...........
2752 3186 2829 3243 76

257 3291 457 3368 Caput
491 3295 602 3355 IV.
684 3298 852 3359 Num
914 3302 1136 3362 Graeci
1198 3304 1346 3364 deos
1408 3305 1474 3363 in
1544 3305 1694 3363 locis
1757 3303 1939 3362 editis
2002 3303 2243 3362 colendi
2304 3321 2543 3361 morem
2606 3300 2712 3360 ali-

378 3408 534 3466 unde
571 3410 926 3485 petiverint.
968 3414 1062 3472 De
1102 3414 1386 3491 vestigiis
1426 3415 1615 3473 huius
1656 3414 1859 3508 cultus
1899 3417 2101 3473 aetate
2142 3414 2513 3474 recentiore.
2596 3456 2610 3471 .
2696 3456 2710 3472 .
2751 3414 2830 3471 82
