3144 5114
1486 546 1569 595 21

354 738 684 836 vestigia,
739 738 1075 834 quamvis
1128 738 1514 824 levissima,
1571 740 1815 812 adhuc
1872 738 2173 811 indicari
2212 763 2431 834 posse
2457 764 2704 834 persu—

358 889 568 937 asum
626 864 885 937 habe0.
943 866 1023 936 In
1082 865 1397 938 Graecia
1450 865 1644 938 enim
1692 863 2222 960 posterioribus
2250 864 2706 959 temporibus

352 989 552 1062 haud
607 989 824 1085 pauci
881 1004 1086 1062 erant
1143 1004 1448 1076 montes,
1505 990 1577 1061 in
1617 989 1888 1084 quibus
1924 989 2205 1075 heroes,
2250 988 2702 1062 celeberrimi

353 1114 631 1210 proavi,
703 1114 970 1211 sepulti
1039 1138 1199 1188 esse
1271 1117 1737 1211 putabantur.
1821 1116 1936 1186 En
1992 1114 2221 1187 habes
2277 1114 2610 1209 exempla
2665 1139 2706 1186 e

326 1239 724 1313 -Pausania
777 1241 1197 1335 desumpta:

460 1365 860 1439 Pandionis
942 1365 1362 1461 sepulcrum
1447 1366 1518 1437 in
1603 1366 1770 1438 loco
1829 1363 2286 1461 Megarensis
2342 1364 2520 1461 agri,
2576 1364 2702 1459 qui

353 1498 648 1580 Ἀθηνᾶς
694 1499 976 1572 Αἰθυίας
1022 1492 1372 1586 scopulus
1411 1491 1836 1587 appellatur.
1892 1492 2105 1563 Paus.
2181 1491 2210 1561 Ι
2250 1513 2310 1582 5,
2345 1514 2384 1578 3
2422 1491 2451 1561 I
2483 1515 2527 1581 4
2550 1515 2605 1575 1,
2636 1496 2703 1562 6.

457 1615 744 1688 Tantali
801 1616 872 1687 in
933 1630 1181 1689 monte
1237 1616 1497 1712 Sipulo
1553 1616 1995 1712 sepulcrum.
2080 1617 2293 1688 Paus.
2350 1616 2415 1686 ΙΙ
2482 1639 2596 1700 22,
2637 1622 2702 1687 8.

461 1739 738 1826 Cinadi,
795 1741 1110 1814 Menelai
1165 1741 1699 1839 gubernatoris,
1753 1741 2173 1836 sepulcrum
2231 1739 2303 1811 in
2359 1764 2702 1835 promon-

350 1865 541 1939 torio
627 1866 1056 1953 Laconicae,
1138 1868 1343 1963 quod
1430 1877 1627 1939 Ὄνου
1686 1876 1927 1953 γνάθον
2009 1864 2405 1938 nominant.
2488 1867 2701 1937 Paus.

349 1993 452 2065 III
518 2015 633 2077 22,
701 2016 811 2065 10.

459 2116 948 2215 Endymionis
1057 2118 1476 2213 sepulcrum
1570 2117 1643 2188 in
1740 2118 2025 2202 Latm0,
2120 2114 2376 2190 Cariae
2434 2128 2700 2187 monte.

350 2245 565 2316 Paus.
622 2244 689 2315 V
757 2268 813 2328 1,
877 2266 937 2335 5.
1854 2327 1861 2334 .

343 2468 348 2473 θ
456 2367 769 2463 Iphiclis,
827 2368 1163 2442 Heraclis
1219 2368 1458 2442 fratris
1532 2393 1575 2441 e
1627 2381 1854 2463 patre,
1908 2367 2327 2463 sepulcrum
2384 2366 2456 2438 in
2514 2366 2701 2439 colle

349 2494 679 2590 quodam
738 2493 1035 2580 Pheneo
1093 2493 1256 2567 urbi
1312 2489 1752 2590 propinquo,
1809 2495 2022 2597 Paus.
2078 2494 2248 2566 VIII
2321 2517 2431 2584 14,
2489 2516 2556 2583 9.

455 2619 751 2717 Aepyti,
835 2620 1025 2693 Elati
1110 2620 1257 2706 filii,
1338 2619 1758 2716 sepulcrum
1826 2619 1897 2691 in
1955 2644 2251 2693 summo
2327 2618 2694 2691 Arcadiae

349 2759 602 2817 monte
658 2744 897 2841 Sepia.
954 2747 1167 2819 Paus.
1227 2746 1397 2818 VIII
1470 2751 1580 2831 16,
1643 2768 1705 2816 2.

455 2869 793 2945 Callistus
881 2870 1301 2966 sepulcrum
1396 2869 1468 2942 in
1561 2869 1847 2943 tumulo
1941 2870 2083 2943 alte
2163 2883 2442 2942 structo
2499 2868 2699 2941 iuxta

346 2994 804 3081 Tricolonos,
857 2994 1226 3069 Arcadiae
1282 2997 1560 3069 urbem.
1618 2997 1830 3069 Paus.
1885 2996 2054 3068 VIII
2117 3019 2156 3083 3
2174 3017 2235 3088 5,
2294 3002 2360 3067 8.

453 3120 787 3207 Arcadis,
846 3120 1182 3195 Callistus
1210 3120 1358 3207 filii,
1386 3121 1807 3217 sepulcrum
1839 3120 1910 3192 in
1942 3120 2303 3206 MaenalO,
2333 3119 2698 3193 Arcadiae

351 3260 618 3319 monte.
675 3248 888 3319 Paus.
944 3247 1114 3318 VIII
1179 3252 1296 3335 36,
1356 3254 1422 3319 8.

457 3371 736 3445 Multos
792 3385 1035 3445 autem
1092 3371 1355 3445 heroes
1410 3397 1557 3444 non
1615 3370 1855 3458 fuisse,
1911 3370 2045 3444 nisi
2101 3371 2283 3443 deos
2321 3397 2410 3443 ex
2466 3394 2697 3443 remo—

349 3496 630 3571 tissima
702 3496 822 3569 illa
877 3511 1113 3571 aetate
1167 3496 1612 3593 superstites,
1667 3522 1817 3593 qua
1873 3495 2231 3592 imprimis
2269 3495 2390 3569 dei
2418 3496 2696 3569 subter-

350 3622 549 3695 ranei
632 3623 1079 3696 venerationi
1155 3637 1433 3710 essent„
1469 3622 1622 3718 qui,
1676 3635 2046 3696 crescente
2101 3622 2411 3695 deorum
2469 3620 2696 3693 excel-

345 3747 624 3822 siorum
680 3748 935 3845 gloria,
971 3748 1419 3845 pedetentim
1451 3749 1546 3821 ad
1577 3747 1991 3822 inferiorem
2021 3747 2330 3821 heroum
2362 3745 2693 3818 ordinem

349 3873 630 3969 delapsi
696 3887 953 3960 essent,
1009 3873 1241 3948 firmis
1299 3874 1752 3971 argumentis
1810 3872 2052 3946 Erwin
2111 3871 2379 3944 Rohde
2433 3872 2695 3966 proba-

349 3998 455 4071 vit
489 3994 559 4098 1).
619 3998 764 4072 Dei
820 3998 1043 4096 igitur
1098 3998 1196 4071 illi
1252 3998 1650 4095 pervetusti
1708 3998 1944 4096 magis
1993 3996 2378 4094 magisque
2408 3997 2695 4070 recede-

348 4125 564 4210 bant;
630 4148 886 4197 eorum
945 4124 1186 4198 cultus
1243 4124 1418 4197 olim
1477 4124 1676 4198 fama
1731 4125 2091 4210 florenteS,
2146 4121 2415 4195 sensim
2474 4134 2695 4216 atque

431 4405 477 4467 1)
515 4403 578 4455 E.
617 4401 825 4461 Rohde,
863 4402 1064 4465 Psyche
1101 4418 1186 4467 pp.
1234 4414 1331 4465 104
1368 4417 1411 4450 e.
1432 4417 1480 4465 q.
1503 4418 1541 4449 s,
