3144 5114
1580 497 1678 580 98

1513 733 1741 806 XVII.

564 936 789 1032 Soph.
828 936 1053 1010 Elect.
1099 943 1190 1026 78
1214 962 1228 1008 z

912 1083 1012 1141 καὶ
1056 1083 1176 1162 μὴν
1220 1087 1432 1163 θυρῶν
1475 1077 1655 1154 ἐ’δοξα
1703 1077 2077 1163 προσπόλων
2124 1082 2286 1153 τινος

912 1191 1365 1272 ὑποστενούσης
1408 1186 1582 1253 ἐ’νδον
1628 1190 1977 1266 αἰσθέσθαι,
2024 1188 2251 1252 τέκνον.

566 1317 923 1413 Legatur:
995 1330 1094 1388 καὶ
1138 1329 1259 1408 μὴν
1305 1334 1523 1408 θυραῖς
1568 1322 1748 1399 ἐ’δοξα
1799 1322 2161 1408 προσμολών
2211 1349 2372 1398 τινος
2419 1349 2469 1386 κ.
2497 1349 2552 1385 τ.
2583 1320 2636 1385 λ.

1500 1583 1762 1654 XVIII.
1807 1645 1815 1653 .

563 1790 788 1886 Soph.
828 1790 1052 1863 Elect.
1099 1793 1286 1882 564:

908 1934 1042 2013 ἐροῦ
1088 1930 1149 1993 δὲ
1200 1936 1312 2013 τὴν
1357 1935 1624 2009 κυναγὸν
1672 1932 2003 2014 ”Αρτεμιν,
2048 1932 2210 2003 τίνος

911 2044 1130 2114 ποινὰς
1177 2043 1256 2102 τὰ
1306 2037 1511 2102 πολλὰ
1561 2040 1865 2121 πνεύματ’
1914 2038 2031 2123 ’ἔσχ’
2081 2042 2143 2103 ἓν
2188 2037 2438 2102 Αὐλίδι·

564 2170 708 2241 Pro
774 2177 1076 2258 πνεύματ’
1131 2173 1249 2261 ’ἔσχ’
1303 2166 1442 2263 leg.
1502 2174 1678 2239 πλοῖ’
1727 2174 1947 2260 ἔπεσί.

1525 2426 1725 2498 ΧΙΧ.

562 2615 786 2710 Soph.
823 2614 1072 2712 Antig.
1102 2640 1146 2705 4
1163 2637 1294 2708 54:

899 2757 1268 2841 κηρύγμαθ’,
1314 2755 1458 2820 ὥστ’
1501 2757 1798 2840 ἄγραπτα
1847 2755 2133 2841 κάσφαλῆ
2177 2766 2357 2821 θεῶν.

562 2885 741 2980 Leg.
809 2890 887 2966 ὥς
940 2893 993 2956 σ’
1045 2892 1358 2976 ἄγραπτα.

1545 3128 1707 3198 ΧΧ.

560 3315 733 3386 Eur.
791 3314 1025 3387 Orest.
1081 3339 1334 3386 versus
1391 3335 1702 3406 417—4
1719 3338 1809 3405 24
1879 3314 2021 3386 hoc
2090 3313 2345 3387 ordine
2416 3314 2812 3409 ponendos

452 3465 614 3513 &SSC
670 3464 968 3512 Censeo:

638 3580 792 3635 ME.
865 3545 1276 3655 ἀμαθέστερός
1322 3571 1378 3651 γ’
1430 3574 1517 3636 ὢν
1564 3586 1676 3636 τοῦ
1727 3572 1918 3636 καλοῦ
1966 3578 2064 3635 καὶ
2112 3586 2218 3655 τῆς
2266 3570 2450 3654 δίκης.
2504 3589 2661 3652 417.

639 3689 767 3745 ΟΡ.
862 3686 933 3745 οὐ
980 3684 1178 3762 σοφός,
1228 3680 1468 3764 ἀληθὴς
1512 3681 1566 3743 δ’
1619 3685 1698 3755 εἷς
1745 3681 1957 3763 φίλους
2005 3680 2153 3763 ἐ’φυν
2202 3680 2393 3763 φίλος.
2504 3698 2662 3759 424.

642 3799 799 3854 ME.
875 3787 1011 3876 κᾷτ’
1063 3794 1171 3853 οὐκ
1221 3793 1432 3872 ἀμύνει
1481 3791 1719 3865 Λοξίας
1767 3805 1891 3865 τοῖς
1937 3805 2058 3865 σοῖς
2110 3804 2311 3865 κακοῖς
2326 3818 2347 3868 ,·
2506 3807 2662 3870 419.

640 3907 770 3964 ΟΡ.
860 3898 1077 3982 μέλλει·
1129 3905 1198 3962 τὸ
1247 3908 1418 3963 θεῖον
1466 3900 1521 3962 δ’
1572 3902 1697 3963 ἐστὶ
1748 3915 2029 3964 τοιοῦτον
2075 3903 2262 3982 φύσει.
2450 3935 2457 3943 ·
2502 3916 2661 3978 420.

638 4017 794 4072 ME.
871 4011 1063 4072 πόσον
1113 4011 1323 4093 χρόνον
1371 4008 1431 4072 δὲ
1479 4015 1707 4093 μητρὸς
1753 4012 2021 4094 οἴχονται
2073 4011 2283 4073 πνοιαί
2297 4036 2319 4086 ,·
2505 4025 2664 4086 421.

637 4125 768 4181 ΟΡ.
862 4116 1037 4182 ἕκτον
1087 4118 1215 4181 τόδ’
1265 4115 1438 4202 ἦμαρ·
1486 4117 1574 4181 ἔτι
1626 4123 1792 4202 πυρὰ
1841 4125 2033 4202 θερμὴ
2085 4121 2302 4199 τάφου.
2506 4133 2661 4195 422.

636 4235 793 4290 DIE.
865 4231 946 4300 ὡς
996 4232 1149 4311 ταχὺ
1195 4227 1509 4311 μετῆλθόν
1559 4229 1612 4290 σ’
1667 4225 1818 4309 αἷμα
1867 4229 2120 4310 μητέρος
2167 4230 2322 4290 θεαί.
2506 4243 2663 4306 423.

639 4343 768 4399 ΟΡ.
863 4335 1224 4419 δουλεύομεν
1269 4346 1452 4415 θεοῖς,
1502 4336 1532 4400 ὅ
1583 4364 1642 4400 τι
1693 4337 1836 4401 ποτ’
1891 4341 2035 4401 εἰσὶν
2083 4341 2138 4400 οἱ
2184 4340 2332 4401 θεοί.
2506 4336 2664 4412 418.
