3144 5114
1365 493 1459 578 83

203 686 210 700 ⁶
244 700 600 775 Semiticis
646 701 1038 776 cohaerere
1082 701 1469 799 potuerint.
1526 705 1720 776 Inter
1775 729 1962 799 quos
2008 715 2152 784 Διὸς
2195 710 2585 797 Ἀταβυρίου

241 825 606 900 veneratio
664 827 734 899 in
789 853 1087 900 summo
1141 828 1387 923 Rhodi
1447 843 1694 902 monte
1747 829 2109 926 Atabyrio
2155 828 2580 925 primarium

240 951 481 1025 locum
567 952 862 1026 obtinet.
944 952 1166 1028 Cuius
1233 952 1352 1026 dei
1423 954 1779 1050 templum
1857 953 2408 1027 celeberrimum
2487 955 2581 1025 ab

237 1077 735 1164 Althaemene‚
818 1077 1057 1152 Catrei
1149 1079 1578 1153 Cretensum
1673 1079 1867 1176 regis
1961 1078 2131 1165 filio,
2205 1078 2578 1151 conditum

238 1230 393 1277 esse
449 1203 833 1277 ferebatur.
909 1204 984 1275 N
991 1205 1331 1277 arrabant
1387 1203 1581 1277 enim
1638 1204 2171 1277 Athaemenem
2231 1201 2425 1288 olim,
2490 1228 2582 1275 ne

238 1355 325 1402 ex
405 1328 705 1402 oraculo
787 1341 1069 1424 patrem
1155 1328 1540 1426 occideret,
1623 1354 1664 1402 e
1747 1328 1983 1425 patria
2068 1327 2140 1399 in
2227 1326 2578 1400 Rhodum

237 1453 543 1531 insulam
626 1453 1044 1551 profugisse
1090 1453 1371 1550 ibique
1436 1454 1506 1526 in
1562 1478 1856 1533 summo
1911 1453 2274 1550 Atabyrio
2334 1465 2582 1524 monte

236 1591 378 1662 Διὸς
450 1588 840 1674 Ἀταβυρίου
912 1579 1267 1675 templum
1343 1594 1563 1675 atque
1620 1604 1820 1653 aram
1878 1577 2322 1652 aedificasse.
2390 1579 2580 1649 Hoc

237 1705 472 1777 modo·
542 1716 787 1777 tamen
872 1704 1167 1778 minime
1248 1705 1313 1778 ei
1395 1704 1831 1778 successisse
1898 1703 2414 1776 fabulabantur
2476 1728 2581 1788 ea,

234 1854 425 1923 quae
464 1828 577 1901 ‘in
661 1827 826 1902 fatis
915 1844 1154 1903 essent
1225 1829 1753 1927 subterfugere.
1839 1830 2038 1901 Nam
2097 1854 2266 1900 curn
2323 1841 2583 1923 postea

232 1967 440 2049 pater
494 1952 649 2026 eius
704 1954 1008 2029 Catreus
1064 1954 1197 2028 iter
1243 1955 1514 2028 faciens
1562 1954 1749 2027 forte
1778 1953 2072 2026 fortuna
2100 1953 2195 2025 ad
2227 1953 2577 2025 Rhodum

233 2078 649 2174 appulisset,
723 2104 891 2151 eum
959 2079 1297 2176 ignarum
1382 2092 1603 2175 atque
1686 2078 1987 2151 invitum
2062 2077 2315 2150 hastae
2388 2075 2589 2149 iactu*

231 2217 515 2299 patrem
574 2202 1016 2278 interfecisse
1072 2204 1297 2278 fertur
1332 2202 1402 2304 ¹).
1478 2206 1652 2276 Hoc
1709 2217 1952 2276 autem
2002 2214 2146 2284 Διὸς
2191 2210 2581 2295 Ἀταβυρίου

230 2352 542 2414 sacrum,
608 2328 812 2422 quod
869 2328 1134 2402 adhuc⁴
1169 2329 1484 2402 Diodori
1541 2328 1768 2403 Siculi
1824 2340 2060 2401 aetate
2115 2351 2387 2422 magna
2441 2326 2581 2398 sol-

229 2452 600 2526 lemnitate
657 2452 1252 2548 frequentabatur
1287 2451 1357 2552 2),
1414 2453 1710 2526 minime
1766 2479 1810 2526 a
1840 2451 2305 2527 Cretensibus
2335 2449 2582 2523 condi-

230 2592 386 2651 tum
450 2604 628 2665 esse,
681 2580 814 2651 sed
871 2605 949 2652 re
993 2604 1168 2652 vera
1222 2606 1266 2652 a
1322 2579 1831 2665 Phoenicibus,
1879 2578 2003 2674 qui
2043 2578 2113 2649 in
2151 2602 2289 2650 suo
2332 2590 2580 2649 monte

229 2705 498 2789 Tabor,
570 2729 614 2776 a
669 2703 982 2801 Polybio
1031 2713 1434 2798 Ἀταβύριον,
1483 2731 1526 2777 a
1575 2703 1889 2800 Iosepho
1937 2712 2291 2797 Ἰταβύριον
2339 2701 2582 2797 appel-

228 2828 397 2915 lat0‚
454 2829 675 2902 deum
743 2829 1013 2901 «Baal»
1078 2828 1416 2915 colerent,
1473 2829 1877 2903 institutum
1918 2852 2096 2913 esse,
2125 2826 2339 2899 certis
2368 2852 2581 2924 argu-

231 2953 492 3028 mentis
547 2953 886 3049 probavit
942 2955 1239 3027 Movers
1275 2949 1345 3052 3).

336 3081 635 3151 Praeter
714 3078 910 3151 hunc
994 3078 1290 3165 cultum,
1372 3104 1591 3174 quem
1670 3077 1934 3153 Graeci
1994 3075 2195 3150 haud
2251 3074 2477 3149 dubie
2538 3102 2583 3149 a

180 3184 186 3189 .
229 3203 525 3278 Semitis
583 3204 890 3276 mutuati
944 3217 1129 3288 sunt,
1185 3203 1400 3276 etiam
1447 3210 1831 3296 Ἀφροδίτης
1877 3212 2196 3295 Ἐρυκίνης
2233 3199 2304 3272 in
2335 3200 2582 3274 Sicilia

226 3328 770 3402 venerationem
829 3341 901 3402 et
954 3328 1194 3401 varios
1243 3335 1626 3421 Ἀφροδίτης
1673 3326 1910 3399 cultus
1967 3326 2038 3397 in
2068 3325 2301 3398 insula
2330 3326 2578 3422 Cypro

228 3478 269 3526 e
326 3452 750 3549 regionibus
808 3452 1167 3526 Semiticis
1222 3451 1554 3549 profecta
1611 3476 1770 3525 esse
1825 3451 2009 3524 inter
2062 3449 2257 3523 viros
2314 3450 2579 3523 doctos

305 3711 357 3780 1)
396 3712 475 3764 Cf.
496 3713 652 3762 Diod.
672 3712 770 3762 Sic.
793 3714 845 3761 V
868 3724 952 3777 59.
990 3711 1159 3762 Schol.
1179 3712 1354 3777 Apoll.
1373 3711 1507 3761 Bibl.
1527 3712 1611 3759 III
1639 3724 1685 3769 2,
1714 3724 1757 3769 1,
1779 3724 1829 3773 4.
1867 3710 2034 3758 Strab.
2054 3707 2197 3757 XIV
2219 3707 2337 3773 655,
2376 3710 2435 3757 X
2456 3720 2578 3774 454.

227 3802 379 3854 Pind.
416 3801 621 3866 Olymp.
641 3800 751 3851 VII
778 3801 891 3851 160.
910 3818 953 3853 c.
973 3801 1131 3851 schol.
1169 3803 1395 3867 Appian.
1417 3800 1594 3850 Mithr.
1633 3816 1683 3865 p.
1706 3812 1827 3863 321.
1882 3798 2062 3863 Polyb.
2102 3798 2183 3845 IX
2207 3808 2345 3865 27‚7.
2400 3798 2579 3864 Steph.

228 3892 353 3957 Byz.
393 3908 433 3941 s.
470 3907 519 3941 v-
560 3890 903 3966 Ἀταβίιρον.

303 3987 360 4050 2)
398 3986 477 4036 Cf·
526 3986 683 4037 Diod·
730 3988 830 4038 Sic·
857 3987 938 4044 .l.l.
979 3985 1335 4060 Ἀταβυρίου
1380 3983 1527 4047 Διὸς
1572 3981 1763 4059 ἱερὸν.
1793 4024 1806 4039 .
1834 4024 1845 4037 .
1873 4024 1885 4038 .
1927 3977 2015 4037 iu
2058 3976 2150 4036 καὶ
2195 3984 2299 4036 νῦν
2332 3984 2579 4054 τιμᾶται

231 4079 633 4155 διαφερόντως·

301 4177 359 4240 3)
394 4179 616 4235 Movers,
654 4176 978 4228 Phoenikier.
1014 4177 1040 4225 1
1081 4176 1163 4226 26.
1201 4177 1257 4224 II
1291 4175 1445 4241 2‚146
1483 4193 1593 4241 sqq.
1635 4175 1712 4224 Cf.
1740 4182 1992 4240 praeterea
2012 4172 2103 4224 W.
2124 4173 2411 4234 Baudissin‚
2432 4174 2577 4224 Stud.

231 4282 273 4314 z.
310 4267 450 4316 Sem.
487 4266 606 4316 Rel.
627 4266 680 4313 11
703 4276 800 4330 247
826 4282 937 4330 sqq.
956 4266 1126 4315 Etiam
1149 4266 1200 4317 in
1219 4267 1484 4329 Agrigenti
1502 4282 1664 4318 arcem
1683 4265 1869 4314 cultum
1889 4264 2028 4313 illum
2050 4262 2196 4324 Διὸς
2221 4264 2284 4318 'A
2296 4264 2503 4339 ταβυρί
2512 4284 2577 4320 ου

233 4368 688 4427 transportaverunt
724 4361 1019 4411 Phoenices.
1057 4360 1136 4411 Cf.
1172 4359 1370 4427 Polyb„
1444 4360 1617 4411 Schol.
1637 4360 1803 4420 Pind.,
1879 4360 2058 4427 Steph.
2095 4361 2217 4427 Byz.
2255 4360 2307 4409 ll.
2327 4358 2378 4409 ll.
