3144 5114
1775 520 1868 586 28

751 744 906 814 Ζεὺς
949 746 1317 825 Κορυφαῖος·
1367 732 1443 805 C.
1483 732 1532 802 Ῑ.
1571 733 1660 805 G.
1700 755 1798 821 44
1816 736 1929 821 58.
1971 726 2151 800 Bull.
2180 727 2276 798 de
2305 723 2505 798 Corr.
2537 721 2793 795 Hell.I
2827 724 2974 808 308.

749 872 902 941 Ζεὺς
965 867 1254 950 Καραιός.
1323 857 1648 955 HeSyCh.
1702 882 1757 930 S.
1794 880 1859 926 V.
1920 863 2209 947 Καραιός.
2268 861 2421 929 Ζεὺς
2471 858 2644 940 παρὰ
2694 859 2976 931 Βοιωτοῖς

642 986 808 1052 οὕτω
857 986 1364 1070 προσαγορεύεται
1414 985 1495 1057 ὡς
1538 984 1648 1064 μέν
1699 984 1855 1058 τινές
1902 1005 2048 1064 φασι
2097 978 2199 1041 διὰ
2245 980 2315 1039 τὸ
2363 972 2607 1059 ὑψηλὸς
2653 968 2823 1050 εἶναι,
2862 970 2974 1030 ἀπὸ

644 1120 757 1171 τοῦ
801 1108 973 1190 κάρα.
1024 1095 1130 1170 Cf.
1159 1095 1367 1166 Phot.
1395 1119 1463 1189 p.
1507 1082 1671 1183 13⁴8,
1703 1093 2167 1182 8,υ131Κάριος
2212 1086 2482 1184 legitur
2510 1082 2752 1155 minus
2782 1092 2975 1154 recte.

749 1234 901 1303 Ζεὺς
946 1232 1274 1311 ‘'Turnat-09.
1355 1220 1528 1292 Hoc
1586 1245 1874 1306 nomen,
1930 1242 2081 1313 quo
2137 1213 2573 1311 plerumque
2600 1207 2977 1303 scriptores

641 1361 961 1432 utuntur,
989 1359 1069 1418 ut
1097 1345 1216 1418 dei
1244 1369 1666 1441 supremam
1696 1345 2127 1443 dignitatem
2156 1338 2495 1439 indicent,
2521 1335 2666 1407 huc
2696 1354 2977 1428 quoque

642 1473 1002 1570 pertinere
1084 1469 1371 1544 videtur
1408 1466 1477 1571 ¹).
1589 1470 1890 1567 Optime
1972 1480 2348 1565 praeterea
2423 1486 2592 1535 cum
2650 1459 2792 1531 hoc
2848 1457 2975 1529 deo

748 1609 901 1678 Ζεὺς
946 1607 1239 1677 Ὕπατος
1295 1595 1709 1692 comparari
1762 1607 2007 1692 potest
2034 1590 2105 1691 2),
2143 1589 2261 1664 cui
2301 1588 2372 1661 in
2414 1584 2763 1659 Boeotiae
2799 1606 2976 1656 sum-

643 1758 767 1805 mo
843 1745 1090 1804 monte
1163 1740 1432 1824 ‘Ymkrcp
1505 1730 1860 1826 templum
1956 1740 2111 1800 erat
2193 1734 2642 1798 exstructum
2671 1714 2739 1819 3).
2828 1718 2975 1789 Nec

643 1883 788 1930 non
845 1858 987 1930 hoc
1043 1857 1208 1929 loco
1267 1853 1898 1930 commemorandi
1953 1866 2157 1927 sunt:
2209 1861 2361 1929 Ζεὺς
2399 1852 2818 1939 (καίηήμενω
2855 1847 2977 1930 ὕψι,

642 1983 843 2066 ὑψόθ’
917 1985 1048 2058 ἰών,
1117 1982 1542 2067 ὑψιβρεμέτης,
1614 1980 1912 2063 ὑψίζυγος
1951 1973 2022 2057 4),
2091 1973 2410 2059 ὑψιμέδων
2447 1966 2523 2054 5),
2592 1969 2879 2050 ὑφινεφής
2914 1961 2976 2046 6),

643 2094 738 2167 de
794 2093 1062 2189 quibus
1122 2092 1466 2166 omnibus
1525 2093 1623 2164 H.
1681 2093 1971 2174 Usener
2007 2086 2057 2188 ⁷)
2115 2083 2512 2160 rectissime
2538 2081 2721 2154 haec
2751 2080 2976 2151 obser·

643 2199 871 2293 vavit':
936 2219 1114 2292 «das
1170 2219 1344 2292 alles
1398 2217 1563 2291 sind
1620 2217 1864 2291 blosse
1919 2213 2448 2308 wandelungen
2487 2209 2619 2281 des
2646 2201 2976 2302 begriffes

643 2358 808 2442 gott
863 2344 933 2416 in
991 2345 1123 2417 der
1180 2343 1473 2417 Hohe».

756 2470 1029 2542 Mirum
1087 2469 1310 2566 igitur
1384 2495 1530 2541 non
1605 2482 1715 2541 est
1789 2466 2146 2539 montium
2233 2442 2619 2535 cacumina
2691 2450 2975 2530 Graecis

648 2596 1022 2692 aptissima
1095 2594 1252 2669 visa
1323 2621 1482 2669 esse
1555 2596 1737 2682 loca,
1809 2593 1937 2667 ubi
1991 2617 2155 2665 aras
2213 2598 2314 2660 Διί
2375 2592 2886 2659 consecrarent
2909 2575 2978 2674 ⁸).

649 2724 769 2795 De
842 2747 991 2817 qua
1063 2747 1158 2808 re,
1242 2747 1432 2817 quae
1500 2719 1922 2817 Hesychius
1978 2719 2215 2802 docet,
2269 2719 2494 2809 supra
2548 2728 2977 2782 commemo-

649 2847 969 2920 ravimus
995 2842 1066 2946 9).
1121 2847 1352 2943 Apud
1384 2846 1714 2920 Eustath.
1741 2845 1837 2918 ad
1859 2845 1982 2919 Od
2019 2848 2052 2920 ξ
2085 2867 2121 2914 2
2148 2867 2217 2938 p.
2259 2866 2283 2912 1
2307 2861 2398 2930 74
2414 2859 2475 2928 7,
2513 2860 2605 2929 59
2645 2831 2979 2930 legimus:

648 2983 800 3052 Ζεὺς
846 2980 1150 3061 ἕπάκριος,
1197 2975 1246 3065 ᾧ
1293 2979 1391 3041 ἐπ’
1444 2978 1647 3062 ἄκρων
1694 2978 1877 3062 ὀρέων
1925 2976 2202 3059 ἱδρύοντο
2250 2973 2460 3059 βωμοί.
2522 2963 2619 3033 Et
2648 2959 2720 3032 in
2752 2959 2978 3053 Etym-

578 3074 584 3083 ·
650 3098 899 3193 Magn.
936 3122 992 3169 S.
1030 3123 1095 3169 V.
1139 3107 1473 3188 Ἐπάκριος
1520 3106 1688 3177 Ζεύς·
1737 3102 1885 3164 Ἐπ’
1935 3100 2123 3184 ἄκρας
2167 3102 2282 3182 γὰρ
2332 3110 2458 3160 τῶν
2505 3099 2660 3179 ὀρῶν
2714 3090 2976 3174 ἱδρύοντο

646 3224 889 3306 βωμοὺς
937 3234 1024 3305 τῷ
1072 3224 1189 3300 Διΐ,
1235 3218 1363 3285 οἷον
1411 3234 1524 3284 τοῦ
1570 3221 1933 3303 ζὙμηττίου,
1979 3231 2091 3281 τοῦ
2140 3215 2528 3299 Παρνηθίου.

646 3342 650 3349 ’
728 3353 776 3409 1)
832 3351 968 3398 Hinc
1003 3349 1139 3414 apud
1187 3350 1489 3422 Pausaniam
1530 3349 1585 3396 II
1643 3348 1724 3407 2,8
1784 3346 1927 3407 Ζεύς
1968 3344 2219 3405 Χθόνιος
2259 3341 2529 3406 opponitur
2574 3328 2680 3393 Διῖ
2711 3338 2963 3406 ςΥψεὶιῐῐῳ

649 3440 729 3488 Cf.
767 3439 821 3487 S.
858 3440 1034 3497 Wide,
1075 3438 1202 3488 Lak.
1241 3438 1402 3486 Kulte
1447 3452 1526 3501 14.

727 3528 894 3591 2.)Cf
934 3545 977 3577 e.
1018 3546 1066 3591 g.
1105 3527 1347 3591 Aeschyl.
1385 3529 1569 3590 Agam.
1611 3536 1672 3589 55
1716 3540 1791 3588 sq.

723 3616 779 3684 3)
816 3619 963 3666 Paus.
1001 3618 1088 3665 IX
1133 3628 1266 3679 19,3.
1302 3617 1466 3666 Strab.
1504 3616 1593 3663 IX
1632 3628 1752 3679 412.

720 3709 771 3770 4)
808 3708 950 3755 Haec
985 3707 1281 3770 cognomina
1316 3705 1451 3770 apud
1490 3706 1772 3754 Homerum
1809 3706 1996 3769 passim
2033 3703 2233 3768 reperiri
2271 3702 2354 3749 vix
2390 3707 2481 3758 est,
2520 3699 2658 3762 quod
2694 3707 2935 3744 moneam.

722 3798 771 3860 5)
810 3796 1025 3846 Hesiod.
1063 3796 1257 3858 Theog.
1298 3805 1417 3858 529.

722 3886 775 3949 6)
813 3886 964 3934 Pind.
1002 3885 1084 3934 Ol.
1122 3886 1175 3932 V
1220 3893 1299 3944 17.

725 3977 778 4038 7)
817 3976 889 4024 H.
928 3976 1135 4033 Usener,
1174 3974 1401 4023 Gottern.
1441 3984 1525 4037 50.

723 4064 779 4128 8)
836 4064 915 4114 Cf.
970 4066 1051 4112 De
1090 4063 1270 4121 Molin,
1312 4063 1408 4121 „de
1445 4079 1528 4110 ara
1563 4062 1698 4126 apud
1738 4058 2006 4111 Graecos”.
2044 4061 2177 4112 Berl.
2230 4060 2445 4106 Dissert.
2490 4055 2623 4119 1884
2661 4070 2746 4119 pp.
2786 4064 2847 4115 33
2885 4063 2986 4112 sqq·

651 4154 821 4202 Etiam
880 4146 1029 4219 Διός
1083 4153 1225 4215 signa
1261 4168 1618 4217 saepenumero
1655 4133 1706 4198 in
1742 4151 1868 4213 iugis
1906 4151 2149 4199 montium
2189 4149 2518 4214 ponebantur.
2559 4146 2639 4195 Cf.
2671 4160 2715 4193 e.
2735 4160 2784 4206 g.
2803 4136 2988 4189 Paus.I

655 4255 793 4306 3222·
840 4240 902 4295 ἐν
968 4241 1228 4316 ιΥμηττῷ
1288 4239 1516 4315 ἄγαλμά
1581 4238 1748 4293 ἐστιν
1818 4242 2133 4311 (Υμηττίου
2197 4237 2343 4300 Διός
2421 4242 2472 4285 et
2525 4235 2674 4300 paulo
2728 4239 2842 4298 post
2894 4227 2986 4282 καὶ

658 4325 978 4405 Ἀγχεσμὸς
1041 4325 1170 4403 ὅρος
1226 4325 1386 4384 ἐστὶν
1449 4326 1515 4382 οὐ
1549 4327 1695 4403 μέγα
1738 4325 1830 4381 καὶ
1873 4324 2021 4387 Διὸς
2063 4325 2289 4402 ἄγαλμα
2330 4328 2705 4404 Ἀγχεσμίου.
2745 4323 2823 4371 Cf·
2858 4329 2990 4383 prae·

654 4427 785 4472 terea
821 4420 972 4470 PauS.
1009 4419 1097 4469 IX
1140 4429 1274 4483 19,3.
1314 4414 1454 4481 41,6.
1560 4421 1611 4477 9)
1650 4417 1726 4465 Cf.
1765 4431 1879 4482 pag.
1923 4425 2006 4478 27.
