3144 5114
1698 532 1782 582 12

567 736 871 809 montes,
927 747 1242 817 quorum
1300 724 1627 797 Wuotan
1684 736 1757 796 et
1813 723 2072 795 Donar
2126 721 2246 795 dei
2303 735 2508 795 erant
2545 722 2898 805 tutelares,

566 848 1308 946 («Wuotansberge»,
1400 847 2122 947 «Donnersberge»),
2203 846 2560 920 notissimi
2614 860 2784 920 sunt
2834 843 2898 942 ¹).

568 973 727 1046 Indi
784 987 1107 1046 montem
1174 975 1478 1046 «Meru»
1541 975 2076 1047 venerabantur
2131 974 2504 1068 multaque
2551 970 2900 1045 mirabilia

566 1099 660 1171 de
713 1098 852 1171 hac
907 1099 1215 1194 deorum
1271 1099 1449 1172 sede
1502 1099 2018 1173 fabulabantur
2052 1095 2122 1197 2).
2179 1100 2444 1172 Persae
2497 1096 2805 1171 summis
2831 1095 2896 1167 in

567 1223 924 1297 montium
1009 1223 1513 1297 cacuminibus
1595 1223 1872 1298 hostias
1954 1223 2434 1296 immolabant
2469 1218 2520 1320 ³)
2602 1234 2677 1296 et
2732 1245 2899 1318 prae

564 1349 820 1422 ceteris
903 1362 1225 1421 montem
1317 1349 1679 1448 «Arborj»
1766 1374 2058 1432 sacrum
2138 1348 2526 1435 habebant,
2580 1370 2896 1444 quocum

566 1475 810 1571 plures
865 1499 1121 1547 eorum
1180 1474 1411 1571 mythi
1467 1489 1621 1553 arte
1675 1474 2164 1547 cohaerebant
2199 1469 2268 1571 l¹).

673 1599 935 1696 Populi
1010 1599 1364 1673 Semitici:
1448 1598 1825 1675 Canaaniti
1893 1598 2221 1673 Hebraei
2277 1599 2445 1695 Syri
2503 1598 2898 1671 Phoenices

565 1728 852 1832 Arabes
906 1724 1192 1821 Assyrii
1239 1724 1646 1823 Babylonii,
1687 1739 1766 1798 ut
1805 1724 1980 1797 nulli
2019 1725 2171 1798 fere
2218 1724 2289 1797 in
2339 1726 2520 1797 orbe
2548 1738 2896 1797 terrarum

564 1851 820 1948 populi
893 1851 1074 1923 deos'
1130 1849 1203 1921 in
1257 1849 1439 1923 locis
1493 1850 1707 1924 editis
1754 1850 2110 1923 colebant.
2153 1851 2364 1923 Haec
2403 1849 2692 1923 colendi
2722 1849 2898 1922 ratio

566 1978 766 2073 apud
822 2001 951 2049 eos
1006 1976 1193 2049 adeo
1250 1976 1684 2072 pervulgata
1740 1989 1812 2048 et
1867 1973 2131 2048 usitata
2184 1986 2358 2062 erat,
2413 1988 2509 2061 ut,
2564 1974 2624 2048 si
2654 2000 2802 2071 qua
2828 1974 2895 2046 in

566 2101 867 2199 regione
922 2102 1258 2174 deessent
1304 2115 1608 2187 montes,
1663 2099 1800 2198 ipsi
1828 2113 2187 2173 struerent
2215 2101 2436 2174 colles
2473 2099 2899 2185 «Bamoth»,

568 2228 639 2300 in
696 2227 963 2323 quibus
1019 2226 1157 2298 diis
1213 2225 1574 2299 sacrificia
1628 2225 1948 2299 facerent
1983 2221 2052 2322 ⁵).

670 2353 899 2449 Apud
974 2377 1229 2424 omnes
1295 2350 1446 2425 fere
1518 2352 1836 2448 populos
1890 2349 2366 2448 Archipelagi
2423 2350 2653 2424 Indici
2709 2376 2901 2423 mon-

564 2478 745 2550 tium
830 2477 1066 2550 cultus
1148 2476 1659 2550 usitatissimus
1742 2490 1884 2562 est;
1968 2490 2425 2550 mortuorum
2482 2475 2898 2574 praesertim

564 2604 851 2677 animae
897 2603 968 2675 in
1000 2602 1356 2676 montium
1388 2603 1892 2676 cacuminibus
1921 2603 2133 2676 sedes
2160 2604 2432 2676 habere
2459 2617 2805 2698 putantur
2837 2598 2902 2697 ὃ).

674 2731 837 2802 Nec
894 2754 1040 2801 non
1097 2728 1415 2824 denique
1472 2728 1691 2802 Sinae
1746 2742 1817 2801 et
1864 2727 2196 2823 Japonici
2245 2728 2372 2823 qui
2401 2728 2745 2801 dicuntur
2772 2727 2901 2800 diis

565 2868 849 2927 montes
904 2853 1289 2926 nonnullos
1343 2868 1952 2927 consecraverunt
1986 2851 2057 2950 7).

565 3137 686 3185 edit.
733 3135 934 3184 secund.
973 3132 1093 3182 Vol.
1133 3135 1186 3183 V
1227 3145 1308 3196 23,
1349 3146 1434 3196 43,
1475 3133 1558 3193 67,
1606 3142 1699 3196 147
1750 3142 1862 3196 157,
1912 3142 2024 3196 175.
2065 3133 2184 3181 Vol.
2225 3133 2304 3181 VI
2343 3131 2445 3194 336
2484 3147 2528 3180 e.
2569 3146 2618 3194 q.
2659 3147 2698 3178 s.
2739 3129 2836 3194 388
2860 3144 2899 3177 e.

565 3242 613 3290 q.
636 3242 675 3275 s.
716 3235 815 3289 437
855 3240 899 3273 e.
920 3240 969 3287 q.
991 3240 1033 3272 s.
1073 3223 1196 3286 448.

643 3318 687 3376 1)
741 3314 821 3364 Cf.
871 3315 920 3378 J.
978 3314 1171 3362 Grimm
1228 3312 1485 3361 Deutsche
1531 3311 1743 3377 Myth.⁴
1790 3313 1813 3360 Ι
1871 3311 1986 3369 126,
2035 3324 2147 3374 141,
2198 3323 2316 3374 142,
2383 3320 2499 3374 154.
2536 3311 2588 3358 II
2630 3319 2747 3371 797,
2788 3309 2899 3371 855.

567 3405 693 3469 Cap.
731 3405 851 3452 XX
889 3420 938 3467 p.
982 3400 1099 3465 536.

639 3495 687 3555 2)
724 3492 805 3542 Cf.
846 3494 918 3541 H.
956 3493 1260 3556 Oldenberg,
1301 3492 1472 3555 Rclig.
1505 3493 1596 3540 des
1634 3491 1784 3541 Veda
1819 3507 1869 3555 p.
1914 3501 2014 3554 254
2053 3506 2128 3554 sq.
2168 3488 2647 3552 Ludwig,Mantral.
2684 3487 2776 3549 198
2797 3500 2903 3550 sqq.

638 3585 688 3645 3)
725 3584 802 3631 Cf.
842 3582 1037 3631 Herod.
1074 3583 1101 3630 Ι
1149 3595 1262 3645 131.
1301 3582 1467 3631 Strab.
1508 3583 1624 3629 XV
1665 3591 1784 3643 732.

641 3674 691 3735 4)
730 3672 808 3721 Cf.
848 3672 933 3719 Fr.
973 3671 1187 3735 Spiegel,
1226 3673 1378 3720 Eran.
1416 3670 1635 3719 Alterth.
1673 3671 1700 3718 Ι
1739 3669 1823 3727 61,
1872 3682 1962 3731 191
2007 3685 2116 3733 sqq.
2156 3669 2256 3731 463
2299 3683 2410 3732 sqq.
2451 3666 2572 3730 482.

642 3771 696 3833 5)
736 3770 814 3817 Cf.
842 3770 945 3816 W..
961 3769 1244 3828 Baudissin,
1277 3769 1488 3818 Studien
1511 3785 1598 3816 zur
1616 3767 1944 3817 Semitischen
1965 3765 2517 3831 Religionsgeschichte
2537 3766 2592 3814 ΙΙ
2615 3778 2641 3812 2
2649 3761 2901 3827 31—269.

568 3861 630 3908 B.
674 3859 843 3916 Stade,
883 3858 1036 3907 Israel
1072 3860 1114 3916 I,
1155 3871 1257 3922 449
1296 3874 1405 3922 sqq.
1446 3857 1504 3905 C.
1544 3859 1605 3908 P.
1643 3857 1799 3914 Tiele,
1841 3856 2019 3906 Gesch.
2059 3842 2105 3905 v.
2145 3857 2196 3905 d.
2233 3856 2414 3920 godsd.
2453 3857 2503 3903 in
2543 3854 2608 3903 de
2644 3853 2796 3903 oudh.
2835 3858 2903 3900 tot

569 3965 637 4013 op
672 3949 820 3996 Alex.
859 3948 958 3996 den
997 3949 1181 3997 Groote
1217 3963 1304 4011 pp.
1347 3946 1464 4005 216,
1508 3945 1626 4009 248.
1663 3947 1724 3994 P.
1764 3947 1831 3998 D.
1872 3945 2149 4010 Chantepie
2187 3948 2250 3995 de
2269 3945 2316 3993 la
2335 3945 2596 4009 Saussaye,
2618 3942 2802 3992 Lehrb.
2820 3942 2903 3989 der

569 4036 1064 4101 Religionsgesch.1
1107 4050 1223 4094 221,
1266 4049 1363 4098 232
1405 4052 1496 4099 sq„
1547 4035 1666 4098 238,
1709 4035 1826 4099 258.
1865 4037 1927 4083 E.
1967 4035 2159 4099 Meyer,
2200 4033 2381 4084 Gesch.
2420 4035 2470 4082 d.
2510 4034 2756 4085 Altert.1
2789 4042 2899 4086 210,

574 4127 690 4190 246,
732 4136 851 4189 373.
890 4126 1041 4174 Ferd.
1080 4142 1127 4174 v.
1164 4125 1413 4183 Andrian,
1454 4124 1690 4174 Ηόὶιεῃε.
1733 4133 1901 4185 252-
1837 4124 2027 4185 -.287

643 4213 693 4276 6)
733 4214 1345 4274 G.A.W1·1ken‚Het
1382 4214 1646 4262 animisme
1685 4214 1748 4278 bij
1789 4214 1852 4262 de
1890 4213 2073 4262 volken
2109 4229 2205 4262 van
2242 4214 2338 4261 den
2376 4212 2646 4262 Indischen
2679 4206 2900 4274 archipel.

578 4318 673 4367 139
712 4320 822 4368 sqq·

641 4394 693 4458 7)
732 4394 881 4443 Ferd.
920 4409 966 4441 ν.
1007 4393 1168 4441 Andr.
1210 4392 1442 4442 Hohenc.
1489 4393 1786 4456 156—222.
