3144 5114
1370 513 1461 584 55

905 803 1029 876 DE
1075 815 1305 895 Ἑρμοῦ
1351 826 1918 876 VENERATIONE.

347 1234 565 1315 Ἑρμῆς
610 1247 927 1318 quoque,
983 1222 1110 1319 qui
1168 1248 1403 1319 aeque
1458 1248 1544 1296 ac
1599 1238 1748 1294 Πᾶν
1794 1221 2189 1318 praecipue
2215 1220 2582 1294 Arcadiae

247 1345 651 1439 pastoribus
698 1372 910 1421 carus
957 1362 1127 1434 erat,
1174 1374 1395 1444 quem
1444 1346 1745 1443 quidem
1794 1347 2015 1420 deum
2047 1346 2583 1442 quadamtenus

248 1493 381 1542 suo
435 1472 596 1545 loco
653 1472 1022 1569 depulisse
1076 1472 1366 1547 videtur
1401 1469 1470 1573 ¹),
1527 1486 1812 1545 montes
1859 1471 2221 1546 saltuosos
2251 1473 2581 1558 amabat;

250 1596 588 1687 quocirca
634 1597 705 1669 in
746 1598 1118 1673 montibus
1157 1613 1368 1672 natus
1416 1613 1637 1693 atque
1674 1597 1982 1670 nutritus
2013 1621 2171 1670 esse
2200 1596 2584 1670 ferebatur.

248 1720 370 1792 Ab
447 1722 862 1797 Arcadibus
946 1723 1064 1796 dei
1149 1723 1514 1797 cunabula
1579 1722 1960 1795 dicebatur
2017 1721 2331 1819 Cyllene,
2388 1723 2585 1795 unde

248 1843 363 1916 vix
412 1872 687 1943 paucas
741 1848 961 1922 horas
1017 1862 1267 1922 natum
1325 1848 1574 1921 furtim
1632 1847 2105 1945 effugientem
2137 1872 2306 1920 eum
2338 1872 2586 1919 excur—

245 1967 442 2044 sione
482 1966 488 1973 ’
524 1986 882 2045 nocturna
962 1974 1327 2071 Apollinis
1400 1974 1631 2046 boves
1685 1972 2121 2070 surripuisse
2177 1973 2585 2058 narrabant,

248 2118 389 2187 quo
473 2096 618 2170 iam
704 2123 748 2170 a
830 2098 1037 2172 cunis
1121 2099 1441 2171 indolem
1526 2097 1865 2170 callidam
1941 2111 2160 2192 atque
2215 2110 2582 2169 versutam

248 2221 682 2312 patefaceret
717 2219 787 2322 2).
872 2225 951 2295 In
1026 2249 1318 2296 summo
1377 2222 1647 2296 montis
1703 2222 1973 2296 vertice
2028 2221 2581 2294 celeberrimum

243 2320 589 2442 templum
648 2360 806 2420 erat
852 2361 1080 2440 Ἑρμοῦ
1128 2354 1524 2440 Κυλληνιίη).ο
1575 2347 1705 2445 (Cf.
1762 2350 1973 2420 Paus.
2030 2348 2200 2419 VIII
2271 2368 2380 2435 17,
2448 2347 2529 2445 Ι).

331 2475 520 2533 Μετὰ
583 2471 645 2534 δὲ
710 2484 819 2535 τοῦ
877 2472 1180 2534 Αἰπύτου
1245 2475 1352 2535 τὸν
1414 2474 1616 2553 τάφον
1677 2473 1809 2555 ὄρος
1857 2497 1920 2534 τε
1971 2469 2375 2554 ὑψηλότατον
2424 2474 2578 2554 ὀρῶν

246 2591 361 2644 τῶν
415 2583 477 2644 ἓν
542 2580 860 2668 Ἀρκαδίᾳ
922 2580 1221 2665 Κυλλήνη
1279 2586 1379 2644 καὶ
1441 2586 1672 2666 εΕρμοῦ
1720 2580 2077 2665 Κυλληνίου
2124 2581 2582 2664 κατερριμμένος

242 2691 375 2763 ναός
419 2692 583 2754 ἐστιν
627 2692 728 2753 ἐπὶ
774 2705 1005 2775 κορυφῇ
1049 2704 1161 2753 τοῦ
1205 2692 1379 2774 ὄρους
1398 2687 1470 2774 3).

346 2800 573 2873 Haud
632 2801 890 2896 procul
946 2826 990 2873 a
1045 2801 1344 2898 Cyllene
1388 2814 1618 2893 Ἑρμῆν
1648 2827 1900 2875 recens
1932 2814 2181 2873 natum
2213 2800 2584 2898 nymphae

244 2923 550 2998 abluisse
607 2925 1036 2999 dicebantur
1091 2925 1300 3020 aquis
1356 2925 1575 2998 trium
1635 2926 1965 3011 fontium,
2005 2951 2047 2998 a
2085 2923 2352 3018 quibus
2383 2950 2584 2997 mon-

243 3059 362 3135 tes,
415 3049 541 3122 ubi
599 3050 1066 3147 profluebant
1103 3050 1357 3136 fonteS,
1410 3061 1712 3141 Τρίκρηνη
1760 3060 1866 3142 ὄρη
1915 3049 2478 3123 nominabantur
2514 3045 2583 3148 ⁴).

343 3176 639 3247 Praeter
690 3175 1021 3266 Arcades
1070 3174 1353 3247 Boeotii
1411 3199 1711 3268 quoque
1766 3200 1941 3270 prae
1993 3199 2073 3246 se
2128 3173 2473 3260 ferebant,
2510 3175 2582 3246 in

242 3298 384 3371 suis
442 3299 813 3373 montibus
863 3313 1091 3391 Ἑρμῆν
1139 3313 1388 3372 natum
1446 3324 1623 3371 esse.
1678 3299 2087 3395 Tanagraei
2143 3298 2335 3371 enim
2369 3300 2583 3396 Cery-

242 3422 426 3497 cium
489 3438 813 3497 montem
869 3425 1057 3497 hanc
1115 3425 1214 3496 ob
1272 3449 1423 3496 rem
1481 3448 1770 3496 sacrum
1827 3423 2196 3497 habebant
2230 3420 2298 3523 5).

339 3564 570 3645 Ἑρμῆν
616 3574 929 3647 puerum
988 3549 1059 3621 in
1117 3549 1303 3622 colle
1356 3547 1718 3622 Acacesio
1775 3547 2166 3622 enutritum
2218 3548 2441 3622 fuisse
2485 3549 2580 3621 ab

311 3826 355 3880 1)
392 3823 471 3872 Cf.
511 3822 782 3877 Immerw„
820 3819 892 3867 K.
931 3835 980 3869 u.
1020 3820 1096 3866 M.
1135 3821 1205 3867 A.
1227 3830 1291 3881 93
1335 3833 1410 3882 sq.

309 3913 360 3976 2)
398 3912 544 3959 Haec
579 3909 747 3957 fabula
783 3908 1128 3957 venustissime
1166 3915 1387 3956 narratur
1423 3908 1486 3955 ab
1526 3907 1754 3955 Homero
1789 3906 2001 3971 (Hymn.
2038 3907 2090 3954 in
2130 3907 2286 3955 Merc.
2327 3904 2390 3968 63
2435 3903 2553 3973 sq.).

305 3997 360 4069 3)
397 4001 579 4049 Cetera
611 3998 737 4056 loca,
775 4013 902 4061 quae
939 3997 1038 4046 huc
1075 3997 1343 4062 pertinent,
1380 3995 1639 4061 exscripsit
1674 3996 1943 4055 Immerw.,
1984 3995 2057 4044 Κ.
2092 4011 2142 4045 u.
2164 3996 2237 4043 M.
2259 3997 2326 4044 A.
2353 3995 2578 4057 73—78.

305 4091 356 4152 4)
393 4088 475 4139 Cf.
513 4089 665 4136 Paus-
703 4086 840 4136 VIII
885 4086 962 4143 16,
1011 4099 1054 4135 1.

306 4179 355 4241 5)
390 4177 471 4228 Cf.
509 4177 645 4225 Ibid.
682 4177 769 4224 IX
811 4187 947 4238 20,3.
985 4175 1129 4223 Alter
1166 4191 1309 4224 mons
1348 4174 1583 4239 Cerycius
1617 4175 1802 4249 ζΕρμῆ
1824 4181 2137 4223 consecratus
2159 4181 2579 4222 commemoratur

240 4273 366 4335 apud
421 4270 648 4336 Hesych.
704 4286 745 4319 s·
783 4286 830 4319 V.
887 4267 1201 4343 Κηρύκιον.
1258 4270 1337 4319 Cf.
1393 4278 1644 4335 praeterea
1700 4269 1842 4319 Suid.
1882 4284 1921 4318 s·
1961 4285 2007 4318 v.
2047 4270 2350 4341 Κηρυκεία
2406 4269 2577 4333 Etym.

242 4365 408 4430 Magn.
448 4382 490 4416 s,
530 4382 577 4414 v.
614 4364 924 4438 Κηρύκιον.
964 4365 1192 4428 Theogn.
1230 4365 1430 4415 Bekker
1465 4381 1516 4429 p.
1564 4363 1712 4427 1389.
