3144 5114
1415 518 1499 588 15

271 713 439 785 loco
500 725 785 784 tantum
844 694 919 783 id
977 736 1204 783 unum
1264 712 1735 784 observatum
1769 709 2013 797 velim,
2044 709 2205 784 illos
2233 711 2628 808 praecipue

277 850 585 924 monteS,
641 835 769 931 qui
826 836 995 909 inde
1051 862 1095 908 a
1150 835 1655 910 remotissimis
1683 836 2140 933 temporibus
2169 838 2342 910 culti
2372 851 2630 925 essent,

275 961 449 1058 quia
519 961 767 1035 fetissa
818 961 1278 1046 haberentur,
1334 974 1459 1033 aut
1514 960 1689 1057 quia
1744 961 2011 1034 montis
2064 962 2328 1058 genius
2382 963 2629 1037 nescio

277 1087 440 1182 quis
498 1086 571 1158 in
630 1112 720 1159 eo
777 1086 1012 1160 inesse
1038 1100 1432 1183 putaretur,
1463 1111 1718 1159 omnes
1749 1088 1846 1159 ob
1877 1085 1952 1159 id
1978 1086 2238 1182 ipsum,
2267 1089 2470 1183 quod
2499 1113 2630 1186 per

275 1211 585 1308 longum
646 1237 909 1286 aevum
958 1211 1415 1285 sanctitatem
1447 1212 1821 1306 quandam
1853 1211 1998 1284 iam
2031 1213 2343 1286 assecuti
2373 1226 2628 1300 essent,

279 1362 503 1431 quam
564 1336 883 1410 maxime
939 1351 1151 1432 aptos
1208 1336 1448 1422 fuisse,
1505 1337 1632 1431 qui
1688 1363 1732 1409 a
1760 1337 1899 1410 diis
1927 1338 2324 1433 superioris
2355 1338 2630 1410 ordinis

279 1476 836 1557 occuparentur,
891 1462 1318 1558 praesertim
1378 1463 1473 1534 ab
1530 1460 1616 1534 iis
1673 1462 1830 1548 diis,
1867 1463 1993 1557 qui
2024 1463 2094 1535 in
2124 1489 2416 1536 summa
2444 1464 2629 1536 coeli

277 1586 661 1659 altitudine
742 1587 1076 1660 habitare
1159 1586 1758 1660 existimarentur.
1854 1589 2053 1661 Nam
2111 1588 2500 1662 coelicolas
2557 1589 2628 1660 in

278 1711 657 1784 montibus
713 1712 1144 1799 celsissimis,
1200 1737 1466 1808 nempe
1522 1712 1594 1784 in
1652 1712 1755 1798 iis,
1793 1712 1920 1808 qui
1949 1738 2185 1808 usque
2213 1714 2308 1786 ad
2338 1713 2626 1786 coelum

277 1836 526 1932 ipsum
586 1837 973 1911 cacumina
1027 1837 1281 1910 tollere
1336 1836 1792 1923 videbantur,
1821 1838 2288 1933 potissimum
2336 1865 2629 1912 venera-

275 1962 498 2035 tionis
553 1963 766 2035 sedes
820 1963 1182 2049 habuisse,
1220 1962 1295 2034 id
1325 1976 1397 2034 et
1422 1988 1556 2058 per
1583 1988 1663 2035 se
1692 1962 2131 2060 intellegitur
2158 1977 2230 2036 et
2257 1964 2626 2037 variorum

276 2087 729 2183 populorum
777 2087 1093 2161 cultibus
1150 2089 1691 2183 comprobatur.

386 2212 513 2286 Sic
599 2214 798 2308 apud
883 2214 1105 2286 Indos
1186 2213 1583 2309 praecipue
1640 2214 1858 2286 Indra
1914 2213 2274 2286 montium
2332 2240 2627 2310 praeses

276 2336 694 2410 habebatur
740 2334 806 2437 1).
890 2338 1035 2430 Qui
1119 2338 1302 2411 deus
1384 2337 1718 2434 proxime
1799 2338 2085 2411 accedit
2167 2341 2624 2413 Graecorum

280 2475 383 2534 Διὶ
430 2472 718 2559 Ὀμβρίῳ.
770 2462 1035 2536 Graeci
1110 2464 1323 2549 enim,
1396 2477 1477 2535 ut
1533 2489 1890 2560 aquarum
1950 2464 2373 2537 coelestium
2433 2490 2629 2537 com-

280 2602 495 2684 potes
544 2587 816 2675 fierent,
873 2600 973 2658 Λιὶ
1018 2599 1285 2683 Ὄμβρίῳ
1339 2615 1472 2685 per
1526 2589 1801 2663 hostias
1839 2589 2253 2685 supplicare
2280 2590 2632 2676 solebant,

284 2713 447 2785 Indi
506 2726 750 2786 autem
810 2714 1103 2786 Indram
1162 2714 1383 2787 deum
1442 2713 1773 2809 pluvium
1857 2715 2244 2801 habebant,
2311 2715 2428 2787 cui
2487 2716 2628 2789 deo

281 2863 592 2912 succum
642 2840 1012 2933 quendam
1052 2838 1402 2926 divinum,
1440 2839 1567 2934 qui
1606 2864 1818 2912 soma
1856 2839 2238 2912 dicebatur
2277 2840 2552 2935 quique
2590 2867 2632 2913 e

279 2963 531 3037 herbis
589 2963 659 3035 in
718 2947 1076 3036 montium
1135 2964 1640 3038 cacuminibus
1696 2964 2189 3038 crescentibus
2217 2966 2631 3060 parabatur,

282 3089 617 3161 libabant
651 3085 721 3186 ²).

392 3213 636 3287 Persis
709 3239 871 3288 mos
925 3228 1095 3301 erat,
1170 3228 1250 3287 ut
1303 3214 1375 3288 in
1444 3215 1803 3288 montium
1862 3215 2368 3289 cacuminibus
2423 3240 2632 3288 sacra

285 3338 611 3412 facerent
666 3353 886 3436 atque
941 3338 1229 3411 coelum
1288 3341 1679 3413 adorarent
1732 3353 2110 3436 tamquam
2153 3341 2398 3414 deum.
2456 3342 2630 3413 Hoc

285 3465 543 3538 saltem
629 3490 718 3538 ex
802 3464 1172 3538 Herodoti
1254 3465 1495 3539 verbis
1580 3465 1860 3552 efficio,
1944 3465 2070 3562 qui
2152 3466 2290 3539 hac
2375 3468 2470 3539 de
2552 3493 2630 3539 re

286 3589 468 3666 haeC
533 3589 757 3663 habet
782 3585 868 3689 3):
933 3601 989 3660 οἱ
1036 3597 1098 3660 δὲ
1144 3597 1433 3681 (Πέρσαι)
1482 3598 1787 3680 νομίζουσι
1833 3603 1933 3661 Διὶ
1971 3600 2080 3680 μὲν
2127 3598 2229 3661 ἐπὶ
2270 3602 2352 3662 τὰ
2383 3598 2634 3683 ’ὑψηλό-

294 3738 461 3776 τατα
509 3727 637 3778 τῶν
699 3713 882 3797 ὀρέων
948 3715 1403 3799 ἀναβαίνοντες,
1460 3718 1685 3789 θυσίας
1744 3711 1951 3799 εἕρδειν,
1999 3720 2108 3780 τὸν
2154 3715 2378 3780 κύκλον
2419 3718 2635 3780 πάντα

292 3845 404 3895 τοῦ
448 3835 715 3915 οὐρανοῦ
761 3834 880 3896 Δία
927 3830 1258 3905 καλέοντες.
1340 3825 1629 3917 Quibus
1683 3825 1926 3899 verbis
1982 3825 2181 3900 nisus
2229 3827 2429 3899 haud
2475 3826 2634 3900 sine

291 3948 612 4022 veritatis
675 3949 921 4045 specie
977 3951 1091 4023 Fr.
1149 3950 1465 4024 Schulze
1517 3950 1889 4046 perhibuit
1946 3953 2204 4025 Persas
2263 3951 2633 4024 Herodoti

291 4087 527 4148 aetate
565 4074 660 4147 ad
696 4100 1068 4148 summum
1100 4074 1464 4149 fetissismi
1490 4075 1809 4173 gradum
1840 4076 2273 4171 pervenisse,
2310 4101 2635 4163 «wenn»,

369 4286 420 4358 1)
457 4288 538 4338 Cf.
578 4289 954 4354 H.Oldenberg‚
993 4291 1093 4339 Die
1132 4290 1252 4338 Rel.
1293 4290 1381 4339 des
1419 4290 1568 4340 Veda
1607 4307 1659 4355 p.
1699 4300 1781 4353 51.
1974 4290 2025 4354 2)
2064 4290 2143 4343 Cf.
2180 4292 2313 4342 Ibid.
2358 4289 2470 4352 178.
2510 4300 2632 4355 459.

363 4381 415 4442 3)
448 4378 648 4438 Herod,
689 4379 714 4426 1
758 4391 872 4442 131.
909 4380 1160 4429 Herodoti
1197 4380 1347 4429 verba
1383 4380 1641 4445 exscripsit
1675 4379 1857 4428 Strabo
1896 4381 2012 4430 XV
2052 4390 2113 4445 73
2126 4394 2174 4430 2.
