3144 5114
28 1054 31 1081 l

28 1100 31 1183 Β

28 1646 29 1677 ἶ

1318 528 1416 598 45

213 728 455 805 torum,
512 716 792 792 maiora
847 733 1090 793 autem
1149 719 1333 794 festa
1361 738 1654 794 mensos
1683 747 1842 795 esse
1870 721 2288 795 sacerdotes
2316 717 2541 807 anniS,

213 843 323 937 qui
374 844 726 918 solstitiali
752 866 759 877 ·
782 833 1399 942 circumaguntur
1437 847 1636 919 orbe.
1693 848 1802 920 Ita
1856 872 2132 920 nonum
2189 847 2542 942 quodque

213 967 452 1042 festum
539 970 1020 1043 daedalorum
1109 970 1494 1057 minorum,
1578 997 1770 1067 quae
1850 971 2166 1068 septimo
2240 996 2541 1067 quoque

210 1118 383 1166 anno
436 1094 679 1167 lunari‘
728 1097 1153 1191 agebantur,
1191 1122 1361 1169 cum
1421 1097 1782 1169 maiorum
1813 1097 2319 1183 celebratione,
2347 1122 2539 1191 quae

206 1219 647 1315 sexagesimo
705 1245 1003 1315 quoque
1059 1246 1252 1294 anno
1308 1221 1662 1295 solstitiali
1721 1220 1964 1307 fiebat,
2010 1221 2081 1294 in
2112 1247 2340 1295 unum
2371 1247 2546 1295 con-.

206 1340 481 1431 fluebat,
599 1345 1010 1418 dummodo
1111 1371 1489 1420 sumamus
1591 1347 2174 1441 unumquodque
2274 1348 2539 1420 daeda-

204 1466 423 1541 lorum
482 1469 846 1542 minorum
906 1496 1054 1543 uno
1112 1470 1231 1544 die
1285 1484 1452 1544 ante
1506 1470 1776 1544 iustum
1815 1472 2167 1567 temporis
2220 1471 2536 1568 spatium

203 1607 468 1688 septem
526 1620 886 1667 annorum
936 1596 1296 1669 lunarium
1354 1610 1734 1693 peractum
1792 1622 1951 1670 esse
1987 1593 2056 1695 1).
2113 1598 2266 1669 Iam
2314 1622 2539 1692 supra

204 1717 337 1789 dixi
422 1719 756 1792 Muelleri
841 1720 1263 1816 opinionem
1347 1746 1610 1817 parum
1697 1721 1874 1794 mihi
1955 1722 2262 1818 placere.
2355 1721 2538 1814 Quis

202 1842 381 1916 enim
441 1844 794 1918 Boeotiae
849 1845 1071 1942 genti,
1127 1846 1337 1919 cuius
1392 1845 1665 1943 ingenii
1721 1846 2023 1920 tarditas
2053 1845 2338 1920 famosa
2364 1872 2539 1921 sane

203 1969 564 2061 quondam
649 1983 820 2055 erat,
903 1983 1179 2044 tantam
1246 1971 1689 2066 astrologiae
1743 1970 2119 2044 scientiam
2176 1969 2538 2057 attribuat,

201 2105 271 2164 ut
338 2095 607 2180 credat,
662 2094 844 2167 haec
902 2095 1150 2168 omnia
1203 2109 1352 2169 tam
1408 2095 1768 2169 subtiliter
1821 2098 1916 2168 ab
1972 2095 2057 2169 iis
2112 2108 2539 2192 computata

200 2221 392 2291 esse?
449 2221 854 2307 Praeterea,
909 2220 1126 2293 etiam
1184 2220 1244 2294 si
1272 2221 1416 2294 hoc
1446 2220 1890 2307 omittamus,
1919 2222 2267 2294 nonnulla
2293 2234 2536 2294 tamen

200 2358 458 2417 restant
540 2323 612 2417 in
698 2345 1104 2419 Pausaniae
1159 2345 1590 2432 narratione,
1647 2371 1838 2440 quae
1893 2360 2149 2419 contra
2204 2345 2538 2419 Muelleri

198 2469 618 2542 sententiam
650 2469 1009 2544 frontibus
1039 2470 1362 2559 adversis
1391 2484 1819 2569 repugnent.
1851 2470 2075 2546 Cuius
2107 2471 2227 2557 rei,
2256 2485 2337 2544 ut
2365 2470 2536 2543 affe-

200 2616 343 2667 ram
401 2596 840 2692 exemplum,
897 2620 1200 2693 prorsus
1256 2598 1656 2670 obscurum
1688 2610 1813 2683 est,
1844 2623 1992 2691 qua
2021 2597 2299 2670 ratione
2326 2597 2536 2670 inter-

198 2722 544 2813 pretanda
596 2720 741 2794 sint
796 2746 902 2808 ea,
930 2747 1120 2817 quae
1150 2721 1550 2796 Pausanias
1578 2722 1673 2795 de
1702 2722 2259 2817 quatuordecim
2288 2721 2535 2819 signiS,

199 2854 520 2941 tempore
576 2844 1056 2919 daedalorum
1116 2846 1480 2920 minorum
1511 2846 1883 2933 confectis,
1911 2846 2534 2920 commemoravit.

199 2965 506 3065 Quoque
562 2970 755 3043 enim
813 2970 998 3044 festo
1058 2971 1337 3045 minore
1393 2997 1622 3044 unum
1680 2971 2223 3057 fabricabantur
2269 2973 2534 3045 daeda-

196 3091 373 3181 lum;
430 3121 613 3193 ergo
668 3095 728 3168 si
786 3096 1144 3170 Muellero
1201 3096 1829 3193 adstipularemur,
1861 3097 2315 3171 <sumendum
2345 3110 2536 3170 esset

195 3241 451 3293 novem
508 3233 790 3293 tantum
846 3220 1235 3294 simulacra
1289 3220 1487 3294 festis
1545 3220 1946 3295 maioribus
1973 3235 2264 3319 praesto
2294 3220 2533 3295 fuisse.

295 3345 443 3419 Sed
499 3358 663 3418 utut
708 3358 835 3431 est,
891 3345 1218 3419 daedalis
1275 3345 1680 3420 minoribus
1736 3360 1809 3419 et
1837 3344 2235 3420 maioribus
2265 3345 2528 3420 festum

267 3651 310 3709 1)
345 3649 405 3700 C.
444 3649 508 3699 Ο.
546 3648 774 3707 Mueller,
814 3648 965 3700 Orch.
1005 3666 1052 3699 u.
1091 3649 1142 3700 d.
1180 3649 1308 3697 Min.
1331 3651 1353 3683 ²
1393 3659 1490 3709 217
1532 3666 1609 3713 sq.
1651 3650 1807 3713 „Dies
1845 3648 1983 3699 fuhrt
2010 3650 2245 3699 aufneun
2264 3650 2530 3708 Perioden‚

195 3735 337 3786 deren
383 3738 501 3802 jede
556 3754 644 3786 aus
689 3738 861 3787 sieben
899 3737 1235 3803 Mondjahren
1270 3738 1485 3796 besteht,
1524 3754 1626 3787 von
1661 3738 1823 3787 denen
1855 3738 2098 3803 jedesmal
2135 3739 2225 3787 das
2263 3739 2409 3789 letzte
2446 3755 2530 3788 um

194 3824 329 3874 einen
382 3827 429 3874 T
431 3844 494 3890 ag
548 3826 779 3875 verkiirzt
834 3827 1036 3877 werden
1091 3835 1296 3878 musste.
1351 3826 1501 3876 Nach
1557 3827 1770 3876 Verlauf
1823 3844 1924 3876 von
1975 3827 2149 3877 sieben
2192 3827 2531 3892 Mondjahren

194 3912 312 3979 (6²12
364 3915 763 3980 Sonnenjahren)
799 3917 1006 3965 feierten
1043 3917 1125 3965 die
1161 3916 1360 3965 Plataer
1396 3917 1478 3965 die
1515 3916 1715 3966 kleinen
1753 3917 2010 3974 Diidalem
2068 3917 2150 3966 bei
2186 3917 2275 3967 der
2312 3927 2530 3966 neunten

194 4001 332 4052 Feier
369 4004 471 4053 tras
500 4005 589 4053 der
625 4004 831 4054 Schluss
869 4005 958 4054 des
995 4006 1245 4055 Monden-
1283 4005 1386 4054 und
1410 4005 1781 4070 Sonnenjahres
1802 4007 2019 4063 uberem,
2043 4006 2147 4054 und
2165 4022 2291 4069 ganz
2314 4007 2530 4055 Bootien

192 4089 367 4156 beging
420 4093 510 4142 das
565 4109 735 4157 grosse
789 4094 1132 4144 Dadalenfest.
1188 4094 1258 4144 So
1312 4094 1567 4144 betrachte
1613 4094 1692 4143 ich
1730 4095 1830 4144 den
1865 4110 2055 4158 ganzen
2091 4095 2271 4159 Cyclus
2309 4095 2381 4144 als
2418 4096 2529 4144 eine

192 4180 233 4227 F
234 4184 515 4247 estperiode
551 4183 640 4231 der
675 4182 922 4242 Dadalen,
961 4184 1044 4232 die
1080 4182 1408 4247 Berechnung
1443 4184 1708 4232 desselben
1744 4184 1816 4233 als
1853 4184 1964 4232 eine
2000 4183 2160 4233 Sache
2184 4184 2272 4232 der
2296 4185 2528 4242 Priester‚

192 4271 289 4319 und
325 4271 409 4320 die
444 4276 543 4321 Art
579 4272 669 4321 der
704 4272 1067 4324 Interkalation
1103 4273 1175 4321 als
1214 4273 1360 4321 einen
1398 4273 1586 4322 uralten
1613 4272 1841 4322 Versuch
1865 4274 1916 4320 in
1935 4278 2192 4336 grosseren
2215 4274 2528 4321 Zeitrfiumen

193 4357 287 4407 den
326 4361 707 4424 gewohnlichen
744 4361 1150 4412 Ackerkalender
1183 4378 1245 4410 zu
1279 4361 1591 4411 rektificiren.
