3144 5114
1425 493 1521 564 97

1398 705 1557 777 XII.

410 864 587 937 Plat.
644 865 764 938 De
820 890 897 938 re
950 865 1149 961 publ.
1205 891 1373 963 pag.
1407 889 1445 955 3
1464 872 1556 959 58
1588 867 1698 938 A:

304 987 467 1052 ἀλλὰ
523 1002 637 1053 τοῦ
695 991 998 1054 ἐπιπόνου
1057 989 1268 1068 εἴδους,
1332 994 1363 1053 ὃ
1425 998 1669 1071 μισθῶν
1733 990 1797 1053 θ’
1845 986 2017 1054 ἕνεκα
2065 995 2164 1053 καὶ
2210 989 2647 1074 εὐδοκιμήσεων

304 1097 406 1161 διὰ
465 1097 652 1172 δόξαν
710 1097 1156 1181 ἐπιτηδευτέον.

411 1208 815 1282 Deleantur
868 1211 1094 1283 verba
1155 1216 1256 1281 διὰ
1303 1218 1507 1292 δόξαν.

1376 1426 1572 1497 ΧΙΙΙ.

410 1583 585 1656 Plat.
644 1584 764 1657 De
820 1608 897 1657 re
951 1585 1151 1680 publ.
1206 1610 1373 1683 pag.
1412 1607 1560 1678 407
1607 1586 1700 1662 C:

576 1704 749 1786 ὥστε,
811 1706 935 1792 ὅπῃ
995 1707 1177 1792 αὕτη,
1237 1713 1417 1795 ἀρετῇ
1481 1714 1752 1775 ἀσκεῖται
1785 1725 1864 1775 ’κ.
1891 1736 1945 1773 τ.
1973 1709 2033 1773 λ.

414 1819 848 1915 Legendum
907 1830 1015 1893 est
1070 1824 1222 1890 ὥστε
1270 1827 1451 1910 αὕτη,
1500 1826 1624 1913 ὅπῃ
1671 1831 1852 1912 ἀρετὴ
1900 1832 2170 1892 ἀσκεῖται
2217 1855 2270 1892 κ.
2291 1854 2348 1891 τ.
2377 1827 2431 1892 λ.

1388 2034 1582 2105 XIV.

408 2195 743 2293 Thucyd.
773 2195 874 2266 IV
916 2201 1033 2288 85,
1075 2200 1158 2267 6:

304 2324 405 2382 καὶ
461 2324 573 2402 τὴν
626 2321 833 2383 αἰτίαν
888 2323 998 2403 οὐχ
1056 2315 1174 2393 ἐξω
1226 2325 1454 2403 πιστὴν
1501 2318 1958 2397 ἀποδεικνύναι,
2004 2317 2144 2381 ἀλλ’
2197 2320 2233 2401 ἢ
2279 2317 2490 2383 ἄδικον
2537 2323 2650 2402 τὴν

302 2426 653 2512 ἐλευθερίαν
713 2428 1012 2513 ἐπιφέρειν
1075 2429 1110 2511 ἢ
1172 2431 1435 2513 ἀσθενὴς
1492 2433 1592 2491 καὶ
1640 2427 1946 2502 ἀδύνατος
1993 2442 2325 2512 τιμωρῆσαι
2372 2431 2453 2490 τὰ
2502 2432 2651 2512 πρὸς

303 2538 716 2623 Ἀθηναίους,
772 2540 878 2604 ἐὰν
923 2540 1193 2617 ἐπίωσιν,
1241 2541 1523 2624 ἀφῖχθαι.

413 2651 558 2722 Pro
621 2657 920 2740 ἐπιφέρειν
980 2649 1267 2747 legatur
1326 2657 1644 2741 ἐπιφέρων.

1396 2866 1554 2937 XV.

410 3025 744 3124 Thucyd.
783 3027 813 3097 I
867 3046 980 3115 73,
1026 3050 1103 3098 2:
1161 3027 1268 3099 Ita
1322 3025 1639 3124 legenda
1692 3025 2063 3100 videntur:

304 3155 404 3214 καὶ
450 3154 565 3235 γὰρ
613 3149 712 3214 ὅτε
774 3149 1050 3233 ἐδρῶμεν,
1113 3149 1212 3214 ἐπ’
1262 3148 1490 3238 ὠφελίᾳ
1547 3150 1975 3229 ἐκινδυνεύετο,
2035 3148 2104 3234 ἧς
2151 3165 2263 3216 τοῦ
2305 3149 2651 3235 μὲν,ἐ’ργου,

303 3261 362 3322 εἴ
398 3286 458 3322 τι
500 3260 673 3344 μέρος
717 3259 1045 3343 μετέσχετε,
1089 3272 1201 3323 τοῦ
1250 3258 1310 3323 δὲ
1360 3258 1545 3339 λόγου
1592 3266 1674 3345 μὴ
1726 3265 1962 3335 παντὸς
2010 3263 2483 3345 στερισκώμεθα.

1387 3460 1582 3531 XVI.

413 3622 627 3693 Paus.
666 3621 767 3692 III
819 3643 975 3712 14‚2
1035 3621 1194 3694 sub.
1233 3619 1386 3694 fin.:

303 3743 716 3809 ἐπανελθοῦσι
766 3743 827 3807 δὲ
874 3747 1069 3808 ὀπίσω
1110 3750 1259 3829 πρὸς
1306 3751 1419 3829 τὴν
1465 3745 1682 3831 λέσχην
1721 3749 1882 3810 ἐστὶν
1929 3743 2295 3829 Ἀρτέμιδος
2338 3748 2654 3829 Ἰσσωρίας

304 3857 473 3938 ἱερόν·
536 3854 977 3935 ἐπονομάζουσι
1038 3853 1099 3918 δὲ
1156 3859 1354 3940 αὐτὴν
1400 3861 1499 3919 καὶ
1545 3858 1882 3937 Λιμναίαν,
1929 3851 2120 3919 οὖσαν
2166 3857 2274 3918 οὐκ
2325 3855 2655 3938 ”Αρτεμιν,

304 3966 726 4047 Βριτόμαρτιν
786 3963 847 4027 δέ
905 3969 1018 4048 τὴν
1078 3971 1363 4049 Κρητῶν·
1428 3969 1508 4027 τὰ
1577 3964 1638 4028 δέ
1697 3967 1753 4038 ἐς
1808 3969 2005 4048 αὐτὴν
2063 3969 2093 4028 ὁ
2157 3965 2481 4043 Αἰγιναῖος
2541 3962 2652 4048 ἐ’χει

303 4100 406 4156 μοι
454 4071 645 4151 λόγος.

414 4183 800 4256 Vocabula
844 4193 1254 4260 ἐπανελθοῦσι
1302 4210 1536 4279 usque
1574 4186 1669 4258 ad
1719 4196 1870 4278 ἱερόν
1908 4185 2450 4280 transponenda
2485 4198 2653 4257 sunt

304 4322 475 4406 post
530 4332 688 4381 voe.
751 4317 943 4399 λόγος.
