3144 5114
1697 502 1796 587 48

565 735 782 784 nemo
839 706 1086 784 nescit.
1143 711 1455 784 Summo
1513 708 1586 782 in
1645 723 1893 783 monte
1949 709 2277 807 Olympo
2332 708 2586 782 sedem
2644 707 2903 783 habere

563 838 960 933 putabatur
984 831 1057 934 1).
1139 835 1218 910 Si
1294 834 1460 931 quis
1526 847 1770 909 autem
1828 834 2285 930 quaesiverit,
2341 834 2642 908 ubinam
2700 848 2905 908 terra·
2981 827 2986 832 ’

564 987 726 1034 rum
784 961 900 1034 ille
957 960 1325 1058 Olympus
1379 960 1560 1034 situs
1617 959 1850 1046 fuerit,
1897 959 2017 1032 vix
2045 959 2358 1047 habebo,
2395 985 2587 1055 quae
2626 984 2905 1056 respon-

564 1088 779 1159 deam
802 1113 817 1172 ;
873 1085 1130 1160 saltem
1190 1099 1471 1159 certum
1528 1085 1902 1181 quendam
1957 1086 2204 1158 locum
2243 1084 2416 1157 huic
2456 1084 2689 1158 monti
2727 1083 2906 1158 attri-

564 1212 789 1284 buere
862 1237 1009 1284 non
1085 1210 1340 1284 ausim.
1414 1210 1570 1284 Viri
1628 1209 1828 1283 docti
1894 1209 2121 1307 vulgo
2179 1209 2609 1307 Olympum,
2666 1236 2712 1284 a
2765 1235 2903 1306 quo

563 1346 716 1418 Ζεύς
774 1335 1286 1410 denominatus
1332 1350 1457 1422 est,
1488 1349 1811 1409 montem
1852 1334 2354 1408 Thessalicum
2394 1334 2822 1432 intellegunt
2843 1332 2907 1433 ²).

566 1462 686 1534 De
759 1487 1073 1556 quorum
1148 1460 1636 1558 opinionibus,
1691 1474 1772 1533 ut
1825 1461 2019 1533 clare
2073 1460 2318 1533 dicere
2372 1459 2670 1557 possim,
2726 1485 2907 1555 quae

563 1585 891 1673 sentiam,
965 1612 1007 1659 e
1081 1611 1158 1659 re
1231 1585 1367 1659 erit
1430 1585 1687 1682 paucis
1741 1610 2344 1671 commemorare,
2400 1585 2581 1680 quid
2636 1600 2907 1658 veteres

500 1734 508 1742 ·
563 1709 701 1807 ipsi
748 1695 871 1784 de
942 1711 1085 1784 hoc
1162 1724 1410 1793 monte
1483 1710 1930 1784 tradiderint.
2018 1711 2252 1806 Apud
2306 1735 2435 1784 eos
2491 1711 2903 1807 complures

562 1849 1081 1909 enumerantur
1128 1836 1449 1933 Olympi.
1511 1835 1934 1932 Hesychius
1964 1835 2058 1907 de
2087 1835 2678 1929 quattuordecim
2711 1859 2904 1907 mon-

563 1960 758 2035 tibus
832 1960 1137 2034 huiusce
1209 1960 1528 2034 nominis
1601 1960 1926 2055 loquitur
1980 1985 2034 2033 s.
2063 1986 2131 2032 v.
2214 1969 2486 2031 Μυσίων
2532 1970 2906 2049 Ὀλυμπίων·

567 2087 697 2148 ἐπεὶ
765 2084 1036 2159 πλείονές
1097 2088 1243 2149 εἰσιν
1290 2083 1612 2166 >Ὀλυμποι
1661 2083 2060 2158 Μακεδονίας
2106 2088 2205 2146 καὶ
2245 2081 2615 2156 1Θετταλίας·
2660 2080 2803 2146 ἴνιοι
2849 2082 2904 2144 δὲ

565 2203 1011 2287 δεκατέσσαρας
1072 2206 1438 2288 ἠρίθμησαν.
1513 2196 1611 2267 Et
1666 2195 1737 2267 in
1793 2194 2018 2268 SChOl.
2045 2195 2142 2267 ad
2194 2193 2439 2290 Apoll.
2497 2193 2638 2266 Rh.
2663 2193 2902 2290 Arg.l

571 2328 716 2413 598
775 2346 903 2394 sex
958 2319 1263 2417 Olympi
1320 2334 1992 2394 commemorantur
2019 2376 2214 2392 .....
2288 2325 2610 2408 ’Ὀλυμποι
2657 2324 2904 2394 fibrium

563 2441 648 2523 ἓξ,
719 2443 1135 2523 Μακεδονίας,
1207 2443 1549 2518 Θετταλίας
1577 2493 1762 2507 .....
1833 2450 1932 2508 καὶ
2004 2447 2261 2518 Μυσίας
2330 2447 2429 2506 καὶ
2499 2444 2742 2516 Λυκίας
2809 2444 2900 2504 καὶ

563 2562 832 2637 ’Ήλιδος
889 2569 989 2627 καὶ
1037 2562 1397 2647 Ἀρκαδίας.
1475 2557 1864 2629 Praeterea
1918 2556 2118 2651 apud
2173 2568 2458 2629 ceteros
2514 2551 2899 2650 scriptores

562 2694 1235 2754 commemorantur
1290 2680 1595 2779 Olympi
1631 2681 1743 2754 hi:
1783 2680 1854 2753 in
1883 2681 2179 2754 Troade
2207 2679 2433 2778 (apud
2464 2680 2898 2752 Strabonem

561 2807 634 2877 X
662 2827 847 2897 4701
912 2816 1017 2876 εἰσὶ
1081 2815 1190 2894 μὲν
1251 2808 1362 2877 οὖν
1425 2812 1598 2894 λόφοι
1664 2814 1946 2896 τέτταρες
2007 2811 2328 2894 >Ὀλυμεποι
2390 2810 2748 2892 καλούμενοι
2800 2821 2901 2891 τῆς

561 2936 745 3021 Ἴδης
807 2940 970 3000 κατὰ
1033 2940 1147 3018 τὴν
1209 2936 1693 3021 ”Αντανδρίαν),
1757 2929 1827 3001 in
1885 2928 2137 3004 Cilicia
2194 2916 2459 3023 (Stl‘ab.
2515 2926 2897 3022 XIV67I),

562 3052 666 3140 in,
709 3055 957 3151 Cypro
1033 3054 1295 3152 (Strab.
1368 3055 1544 3127 XIV
1621 3061 1717 3128 68
1733 3078 1794 3140 2,
1869 3055 2068 3152 683),
2140 3053 2212 3125 in
2281 3052 2570 3129 Galatia
2624 3051 2898 3150 (Polyb.

561 3179 775 3251 XXII
857 3179 1068 3276 209),
1150 3178 1221 3250 in
1300 3179 1540 3277 Lydia
1615 3179 1903 3277 (Athen.
1960 3179 2025 3250 ΙΙ
2088 3202 2185 3267 3o
2242 3179 2392 3276 sq.),
2448 3177 2520 3249 in
2582 3174 2900 3249 Laconia

561 3303 843 3402 (Polyb.
900 3305 964 3374 ΙΙ
1025 3309 1193 3396 65‚8
1252 3305 1400 3402 sq.),
1437 3304 1508 3376 in
1549 3304 1784 3378 insula
1822 3303 2209 3377 Panchaea
2245 3300 2495 3400 (Diod.
2524 3301 2669 3376 Sic.
2697 3302 2765 3374 V
2800 3324 2891 3391 44

561 3429 694 3511 ὄρος
772 3429 934 3491 ἐστὶν
1018 3425 1273 3509 ὑψηλόν,
1369 3429 1818 3512 καθιερωμένον
1900 3430 2009 3508 μὲν
2077 3435 2260 3505 θεοῖς,
2329 3425 2772 3507 ὀνομαζόμενον
2839 3422 2896 3486 δὲ

564 3550 845 3629 Οὐρανοῦ
892 3543 1114 3628 δίφρος,
1161 3550 1260 3607 καὶ
1312 3543 1639 3627 Τριφύλιος
1687 3543 2064 3627 ”ολυμπος),
2107 3536 2179 3608 in
2240 3537 2484 3610 Lesbo
2542 3533 2751 3632 (Plin.
2807 3534 2897 3606 N.

562 3663 659 3735 H.
715 3662 783 3734 V
841 3684 958 3750 31,
1019 3660 1161 3759 39),
1234 3659 1306 3733 in
1372 3661 1603 3758 Epiro
1669 3661 1898 3760 (Eust.
1955 3661 2026 3733 in
2085 3661 2305 3734 Dion.
2362 3660 2644 3757 Perieg.
2703 3657 2896 3756 409).

639 3840 683 3891 Ι)
724 3823 846 3883 Δία
912 3830 1227 3899 Ὀλύμπιον
1290 3830 1563 3878 secundum
1603 3832 1866 3894 opiniones
1912 3830 2151 3893 vulgares,
2190 3847 2313 3895 quas
2351 3830 2566 3879 Homeri
2602 3829 2895 3878 carminibus

559 3925 780 3987 cognitas
816 3924 1074 3983 habemus,
1114 3925 1167 3973 in
1204 3926 1312 3989 ipso
1350 3933 1523 3974 monte
1561 3925 1781 3989 Olympo
1819 3934 1869 3973 et
1905 3941 2008 3973 non
2045 3926 2095 3973 in
2131 3925 2350 3989 quodam
2376 3924 2626 3988 superiore
2652 3923 2776 3973 coeli
2792 3922 2896 3971 loco

560 4012 766 4061 domum
814 4029 952 4062 suam
998 4013 1253 4072 habuisse,
1291 4012 1448 4061 firmis
1485 4015 1787 4077 argumentis
1825 4014 2057 4078 probavit
2093 4015 2167 4063 K.
2207 4016 2281 4063 H.
2321 4014 2411 4062 W.
2451 4012 2725 4071 Voelcker,
2763 4011 2895 4061 cuius

560 4103 724 4151 studia
760 4103 824 4151 de
860 4103 960 4151 situ
996 4103 1216 4152 locorum
1254 4111 1403 4166 atque
1439 4104 1711 4166 regionum,
1751 4119 1879 4166 quae
1916 4103 2143 4152 Homero
2181 4112 2328 4152 notae
2365 4104 2580 4161 fuerunt,
2609 4102 2893 4166 dignissima

558 4200 688 4248 sunt,
727 4208 854 4255 quae
890 4199 1169 4241 noscantur.
1210 4192 1289 4240 cf.
1328 4191 1565 4249 Voelker‚
1606 4193 1778 4240 Ueber
1814 4193 1973 4241 Hom.
2011 4193 2194 4256 Geogr.
2232 4210 2280 4241 u.
2320 4191 2516 4240 Weltk.
2563 4205 2749 4240 1-—20.

634 4284 682 4335 2)
721 4282 798 4330 Cf.
838 4283 899 4331 L.
938 4283 1164 4346 Heuzey,
1204 4282 1248 4329 le
1286 4290 1426 4330 mont
1464 4281 1681 4345 Olympe
1719 4290 1768 4330 et
1786 4282 2104 4330 l'Acarnanie
2123 4298 2173 4346 p.
2203 4281 2315 4345 138.
2338 4281 2658 4330 Prell.-Rob.
2699 4279 2890 4330 Griech.

561 4369 773 4434 Myth.⁴
809 4372 833 4417 1
880 4384 992 4419 121.
1031 4372 1092 4420 L.
1130 4373 1200 4420 R.
1240 4371 1457 4429 Farneu,
1496 4371 1554 4418 C.
1595 4387 1641 4418 0.
1683 4372 1769 4420 Gr.
1808 4372 1881 4420 st.
1921 4372 1946 4418 1
1986 4382 2045 4434 51
2090 4387 2166 4435 sq.
2351 4357 2358 4366 ’

3113 3861 3120 4048 9

3044 4057 3120 4324 -2

3105 4997 3123 5083 Ι
