3144 5114
1491 515 1529 586 3

331 709 756 807 heroesque,
813 710 940 808 qui
993 711 1320 784 humana
1372 711 1619 808 specie
1674 710 1926 797 induti,
1981 736 2238 785 omnes
2292 709 2513 785 hasce
2569 735 2684 786 res

332 837 681 911 coelestes
737 849 1381 933 repraesentarent.
1423 832 1475 936 1)

439 963 711 1058 Neque
785 960 1218 1059 mythologi,
1274 961 1400 1057 qui
1457 960 1800 1034 dicuntur
1854 961 2353 1058 comparativi,
2408 975 2682 1036 rectam

334 1088 625 1186 mythos
698 1086 1217 1184 interpretandi
1273 1086 1467 1160 viam
1525 1086 1833 1184 ingressi
1890 1111 2050 1160 esse
2107 1086 2283 1159 mihi
2326 1086 2685 1160 videntur.

335 1214 526 1287 Inter
580 1238 770 1308 quos
827 1214 1004 1285 Max
1060 1212 1369 1285 Mueller
1424 1211 1800 1285 doctrinae
1828 1211 2045 1309 copia
2073 1211 2493 1309 ingeniique
2522 1238 2688 1286 acu-

336 1337 528 1411 mine
586 1337 948 1425 omnibuS,
1004 1337 1131 1433 qui
1185 1337 1387 1410 hisce
1441 1337 1700 1419 studiis
1755 1363 1835 1410 se
1891 1338 2268 1424 dederunt,
2306 1339 2528 1436 longe
2568 1364 2690 1411 an-

334 1463 695 1549 tecedenS‚
750 1462 1115 1537 indefessa
1169 1462 1522 1537 industria
1577 1489 1708 1560 per
1763 1475 1990 1536 totam
2030 1462 2252 1536 vitam
2284 1477 2688 1561 occupatus

337 1587 469 1661 fuit
549 1588 622 1661 in
698 1588 1131 1685 colligendis
1186 1601 1274 1676 et,
1330 1602 1685 1684 quantum
1744 1588 1900 1661 fieri
1956 1588 2212 1686 potuit,
2269 1589 2689 1686 digerendis

336 1712 601 1787 fabulis
684 1714 780 1786 de
861 1712 1001 1786 diis
1084 1714 1514 1809 deabusque
1598 1739 1849 1787 earum
1931 1714 2281 1810 gentium,
2348 1740 2538 1810 quae
2593 1714 2689 1787 ad

336 1837 686 1911 familiam
752 1839 1604 1912 «Indo-Germanorum»
1668 1837 2095 1912 referuntur.
2152 1837 2407 1912 Nihilo
2444 1852 2688 1912 tamen

341 1963 579 2037 minus
634 1962 793 2036 viro
852 1963 1156 2061 egregio
1213 1963 1586 2060 inceptum
1644 1990 1905 2061 parum
1962 1964 2332 2038 successit.
2388 1966 2691 2038 Persua-

337 2113 500 2162 sum
605 2088 798 2162 enim
899 2089 1237 2176 habebat,
1329 2115 1417 2162 ex
1524 2114 1673 2162 uno
1775 2089 1975 2162 fonte
2058 2115 2314 2164 omnes
2397 2090 2690 2187 mythos

338 2213 804 2310 populorum,
896 2213 1021 2309 qui
1122 2215 1218 2287 ad
1300 2215 1928 2289 Indo—Germanos
2009 2214 2465 2312 pertinerent,
2527 2240 2696 2311 pro-

340 2338 674 2424 fluxisse;
758 2364 982 2435 quam
1067 2339 1367 2434 quidem
1453 2339 1875 2436 opinionem
1962 2339 2176 2413 certis
2241 2340 2692 2437 argumentis

341 2464 800 2551 confirmare,
855 2463 916 2538 si
955 2463 1135 2560 quid
1163 2463 1399 2548 video,
1430 2463 1730 2537 minime
1769 2479 2144 2539 assecutus
2173 2479 2299 2539 est.
2326 2463 2377 2565 2)
2434 2466 2692 2552 Imm0,

338 2589 484 2663 iarn
545 2589 783 2687 magis
841 2589 1226 2687 magisque
1281 2603 1604 2687 apparet,
1650 2591 2076 2688 praesertim
2133 2591 2393 2665 studiis
2441 2592 2690 2665 ethno-

340 2715 707 2812 logorum,
765 2740 1021 2788 omnes
1078 2716 1394 2812 populos
1450 2715 1762 2789 incultos
1810 2717 2346 2812 quadamtenus
2394 2717 2689 2790 easdem

340 2841 455 2913 vel
512 2853 709 2914 certe
763 2839 1178 2913 consimiles
1235 2840 1329 2913 de
1358 2841 1668 2914 deorum
1700 2855 1958 2915 natura
1987 2841 2321 2915 notiones
2348 2840 2694 2915 habuisse

343 2966 796 3060 eosdemque
849 2966 1167 3039 honores
1222 2965 1308 3038 iis
1346 2965 1785 3040 adhibuisse.
1842 2967 2270 3041 Cavendum
2310 2965 2533 3063 igitur
2561 2978 2686 3052 est,

339 3115 431 3163 ne
504 3091 826 3163 duorum
886 3091 1332 3187 populorum
1395 3090 1656 3164 iisdem
1714 3091 2174 3165 caerimoniis
2231 3091 2302 3163 in
2361 3091 2690 3165 colendis

342 3214 500 3289 deis
577 3215 999 3302 observatiS‚
1069 3215 1313 3289 statim
1390 3241 1525 3312 pro
1602 3230 1805 3289 certo
1881 3230 2306 3304 statuamus,
2384 3242 2512 3289 eos
2567 3230 2695 3289 aut

424 3485 468 3546 1)
524 3483 659 3532 Vide
716 3484 779 3532 O.
837 3483 1058 3548 Gruppe.
1116 3484 1258 3532 Burs.
1303 3483 1477 3547 Jahrb.
1534 3496 1667 3545 1900
1716 3496 1777 3546 3e
1825 3484 1949 3533 Abt.
1998 3500 2047 3548 p.
2106 3498 2219 3548 141.
2278 3484 2550 3542 „Ziemlich
2604 3484 2698 3533 alle

347 3571 590 3621 Forscher
626 3573 714 3621 der
750 3573 967 3621 Neuzeit
1003 3573 1129 3627 sind,
1170 3587 1227 3619 so
1264 3571 1585 3621 verschieden
1624 3572 1751 3621 auch
1787 3582 1926 3621 sonst
1962 3573 2039 3621 ihr
2076 3574 2394 3638 Standpunkt
2428 3575 2534 3622 sein
2566 3590 2695 3638 mag,

347 3663 521 3710 immer
559 3661 699 3709 mehr
733 3677 835 3709 von
872 3662 960 3709 der
995 3660 1337 3723 Anschauung
1373 3661 1871 3725 zurfickgekommen,
1910 3663 2024 3711 dass
2062 3663 2144 3711 die
2171 3664 2347 3712 Gotter
2370 3662 2473 3711 und
2494 3663 2699 3711 Heroen

347 3749 731 3815 personificierte
769 3750 1273 3813 Himmelsvorgange
1313 3751 1498 3799 seien.’'

421 3842 469 3900 2)
506 3841 588 3888 De
625 3840 943 3903 argumentis,
982 3854 1109 3903 quae
1147 3855 1207 3887 ex
1237 3839 1516 3902 linguarum
1555 3841 1923 3904 comparatione
1962 3842 2189 3905 sumpsit,
2230 3841 2475 3904 equidem,
2514 3842 2697 3905 quippe

348 3931 434 3993 qui
485 3929 541 3978 in
595 3928 730 3978 hisce
785 3929 962 3978 studiis
1018 3929 1165 3992 plane
1204 3928 1387 3993 hospes
1426 3929 1536 3988 sim,
1578 3935 1761 3978 certam
1794 3931 2012 3994 proferre
2050 3930 2346 3978 sententiam
2383 3945 2486 3977 non
2522 3930 2696 3977 ausim.

355 4019 546 4067 Verum
601 4018 655 4066 id
709 4034 864 4066 unum
915 4018 1233 4066 observatum
1291 4017 1454 4074 velim,
1495 4025 1688 4066 tantum
1727 4019 1915 4076 abesse,
1955 4026 2010 4067 ut
2046 4018 2138 4065 viri
2176 4019 2310 4066 docti
2346 4017 2425 4066 his
2462 4019 2514 4065 in
2550 4018 2697 4072 rebus

346 4107 675 4164 consentiant,
733 4113 787 4155 ut
843 4107 1011 4170 potius
1068 4106 1256 4155 bellum
1319 4107 1674 4155 internecivum
1712 4108 1835 4155 inter
1873 4123 1980 4155 sese
2016 4122 2183 4170 gerere
2219 4107 2496 4158 videantur.
2554 4108 2698 4155 Unus

349 4203 544 4246 tantum
586 4196 712 4244 deus
746 4195 1084 4260 Dyaushpitar
1116 4194 1278 4256 (Ζεύς
1321 4194 1521 4268 πατήρ,
1544 4195 1790 4261 Iuppiter)
1811 4197 2062 4244 communi
2090 4196 2315 4243 omnium
2337 4196 2436 4242 fere
2458 4210 2699 4244 consensu

347 4287 582 4335 omnibus
618 4285 818 4349 populis
854 4285 1273 4335 Indo-Germanis
1310 4287 1606 4343 attribuitur,
1647 4301 1950 4349 quamquam
1988 4301 2090 4333 non
2126 4285 2321 4342 desunt,
2361 4285 2448 4347 qui
2484 4299 2546 4332 ne
2578 4284 2699 4333 illud

344 4377 551 4441 quidem
590 4374 880 4424 concedant.
922 4375 998 4425 Cf.
1020 4392 1062 4424 e.
1084 4393 1131 4440 g.
1172 4376 1237 4425 O.
1277 4375 1498 4440 Gruppe‚
1540 4375 1701 4424 Kulte
1739 4391 1786 4423 u.
1828 4374 1994 4439 Myth.
2033 4390 2121 4439 pp.
2167 4386 2263 4434 119
2303 4389 2379 4438 sq.
