3144 5114
1352 480 1493 582 31'

225 706 474 804 perdiu
516 707 965 794 ‘remansits
1001 706 1491 804 Theophrasti
1565 704 1822 779 saltem
1899 717 2135 779 aetate
2199 704 2570 793 exstitisse,

226 858 352 930 pro
427 847 628 907 certo
703 847 1004 908 constat.
1060 834 1166 908 Cf.
1221 832 1591 930 Theophr.
1648 832 1849 928 apud
1906 831 2419 930 Porphyrium,
2475 833 2570 904 de

227 961 400 1033 abSt.
477 960 543 1031 II
609 980 724 1049 27.
753 966 888 1067 ,ἀφ’
939 961 1010 1029 οὗ
1057 966 1221 1050 μέχρι
1271 978 1384 1030 τοῦ
1430 978 1543 1030 νῦν
1590 969 1699 1029 οὐκ
1750 966 1812 1029 ἓν
1853 963 2165 1051 Ἀρκαδίᾳ
2209 967 2398 1047 μόνον
2445 981 2571 1041 τοῖς

227 1086 536 1161 Λυκαίοις,
595 1082 726 1146 οὐδ’
793 1085 856 1149 ἐν
917 1082 1271 1167 Καρχηδόνι
1326 1095 1415 1170 τῷ
1462 1085 1682 1170 Κρόνῳ
1730 1095 1901 1167 κοινῇ
1947 1084 2177 1155 πάντες
2225 1085 2566 1168 ἀνθρωπο-

226 1201 521 1258 θυτοῢσιν
551 1189 622 1276 1).

328 1302 688 1377 Nonnulli
742 1303 886 1376 hoc
941 1303 1108 1375 loco
1165 1302 1320 1389 nisi,
1376 1302 1912 1376 contenderunt
1964 1302 2324 1377 humanas
2375 1302 2571 1376 victi-

231 1454 378 1502 mas
434 1454 672 1526 usque
728 1429 824 1501 ad
878 1428 1253 1502 saeculum
1312 1428 1605 1501 tertium
1664 1442 1834 1524 post
1890 1427 2259 1502 Christum
2318 1442 2569 1501 natum

232 1566 323 1624 Διὶ
388 1564 654 1649 Λυκαίῳ
738 1553 1154 1627 immolatas
1227 1579 1387 1627 esse
1413 1551 1483 1653 2).
1565 1554 1841 1626 Verum
1916 1553 2134 1626 huius
2209 1552 2572 1650 opinionis

232 1677 779 1752 fundamentum
838 1678 1181 1753 evertisse
1234 1678 1412 1784 ⁸mihi
1468 1678 1757 1751 videtur
1814 1680 2141 1776 Bernays
2180 1677 2572 1777 (Theophr.

235 1827 296 1899 p.
370 1805 538 1904 188)
594 1805 1002 1901 probando,
1057 1806 1283 1877 verba
1336 1804 1634 1876 laudata
1688 1830 1732 1876 a
1787 1803 2220 1901 PorphyriO,
2259 1830 2301 1877 e
2336 1803 2572 1878 Theo-

235 1928 526 2022 phrasto
582 1943 878 2027 sumpta
933 1956 1110 2004 esse.
1174 1929 1558 2002 Vocabula
1613 1937 1777 2020 μέχρι
1826 1949 1940 2000 τοῦ
1984 1950 2097 2000 νῦν
2143 1922 2367 2026 ig'itur
2422 1954 2568 2000 non

239 2054 615 2152 Porphyrii
669 2057 802 2130 sed
856 2054 1345 2152 Theophrasti
1401 2067 1714 2127 aetatem
1771 2052 2113 2127 indicant.
2169 2054 2570 2128 Pausanias

239 2178 326 2252 de
375 2180 574 2254 hisce
627 2180 883 2271 hostiis
936 2182 1118 2254 haec
1173 2181 1412 2253 habet:
1470 2178 1668 2278 <VIII
1731 2186 1848 2267 38,
1912 2180 1981 2279 7)
2037 2189 2138 2250 ἐπὶ
2185 2190 2413 2250 τούτου
2460 2200 2574 2250 τοῦ

239 2305 438 2387 βωμοῦ
488 2317 578 2391 τῷ
624 2306 886 2391 Λυκαίῳ
925 2308 1025 2368 Διὶ
1049 2307 1310 2368 θύουσιν
1333 2305 1396 2368 ἓν
1420 2304 1767 2389 ἀπορρήτῳ·
1793 2300 2386 2385 πολυπραγμονῆσαι
2413 2300 2475 2363 δὲ
2500 2300 2573 2364 οὔ

239 2437 331 2491 μοι
370 2416 446 2475 τὰ
484 2416 542 2487 ἐς
581 2418 695 2497 τὴν
733 2416 963 2478 θυσίαν
1006 2412 1120 2493 ἡδὺ
1160 2408 1251 2496 ἧν,
1288 2412 1467 2497 ἐχέτω
1508 2411 1569 2475 δὲ
1607 2415 1688 2485 ὡς
1717 2409 1829 2496 ’ἔχει
1864 2416 1964 2475 καὶ
1995 2415 2077 2485 ὡς
2099 2409 2265 2496 ’ἔσχεν
2288 2411 2351 2484 ἐξ
2376 2414 2573 2495 ἀρχῆς.

244 2522 694 2612 Reverenter,
776 2537 857 2599 ut
936 2523 1290 2612 videmus,
1371 2537 1747 2620 tamquam
1833 2523 1928 2596 de
1984 2524 2203 2597 rebus
2270 2521 2572 2609 arcaniS,

240 2646 547 2744 loquitur
619 2650 1019 2725 Pausanias
1092 2665 1164 2723 et
1226 2649 1343 2736 ita,
1409 2663 1488 2722 ut
1543 2648 1719 2721 certi
1796 2648 2202 2744 quidquam
2273 2674 2361 2720 ex
2417 2647 2574 2721 eius

241 2775 468 2849 verbis
550 2775 842 2849 efficere
924 2797 1395 2871 nequeamus
1480 2774 1765 2847 Dubito
1850 2772 2090 2871 igitur,
2164 2799 2254 2846 an
2331 2773 2572 2846 minus

244 2913 425 2973 recte
461 2898 821 3002 Farnell3)
852 2927 941 2974 ex
967 2900 1169 2975 hisce
1197 2899 1439 2973 verbis
1469 2898 1866 2996 collegerit,
1893 2899 2137 2971 adhuc
2166 2897 2573 2971 Pausaniae

245 3037 463 3098 aetate
516 3026 869 3100 exstitisse
924 3025 1248 3099 crudelia
1302 3026 1423 3098 illa
1477 3024 1819 3098 instituta.
1876 3025 2114 3096 Immo
2154 3036 2320 3095 ante
2360 3021 2571 3094 Plinii

243 3160 518 3245 tempus
601 3152 746 3224 iam
830 3152 1194 3224 exoletum
1279 3150 1502 3223 fuisse
1559 3175 1838 3222 morem
1912 3148 2248 3221 homines
2302 3148 2571 3222 sacrifi-

247 3265 445 3347 candi
493 3289 593 3348 Διὶ
640 3288 901 3372 Λυκαίῳ
948 3276 1104 3373 ipse
1154 3265 1434 3348 'Plinius
1489 3274 1736 3348 testari
1785 3273 2095 3346 videtur.
2141 3273 2371 3368 Apud
2402 3299 2569 3345 eum

247 3399 423 3472 enim
477 3401 660 3475 haec
716 3401 1028 3499 legimus
1085 3400 1208 3500 (N.
1267 3402 1364 3473 H.
1420 3401 1596 3473 VIII
1657 3400 1809 3498 82):

353 3528 645 3623 «Itaque
716 3526 1110 3624 Agriopas,
1174 3527 1300 3623 qui
1358 3524 1915 3624 Olympionicas
1969 3523 2275 3621 scripsit,
2331 3534 2574 3595 narrat

321 3767 361 3828 Ι)
393 3768 583 3818 Eadem
620 3770 723 3818 fere
758 3769 969 3832 legimus
1005 3768 1140 3833 apud
1176 3768 1457 3826 Platonem,
1496 3768 1628 3816 Min.
1664 3782 1716 3830 p.
1757 3776 1855 3829 315
1897 3781 1939 3813 c.
1979 3765 2059 3813 Cf.
2098 3764 2247 3813 etiam
2275 3765 2414 3811 Rem
2433 3763 2572 3828 publ.

246 3869 296 3917 p.
335 3856 423 3920 565
462 3858 512 3909 d.

319 3946 362 4007 2)
397 3947 473 3996 Cf.
509 3946 844 4010 Stackelberg,
884 3947 1234 4013 Apollotemp.
1272 3963 1335 3995 zu
1371 3948 1559 3995 Bassae
1604 3957 1718 3994 121.
1755 3945 2028 4007 Boettiger‚
2068 3942 2161 3994 Kl.
2181 3941 2382 4002 Schrift,
2403 3943 2430 3990 1
2458 3952 2572 4006 151.

245 4031 486 4096 Welcker,
524 4036 616 4085 Kl.
654 4036 796 4086 Schr.
833 4037 914 4084 III
959 4035 1054 4085 162
1094 4040 1250 4085 Anm.
1293 4045 1341 4096 7.

318 4123 363 4185 3)
395 4126 454 4176 L.
490 4128 563 4175 R.
602 4126 817 4185 Farnell,
876 4125 1019 4175 Cults
1071 4128 1126 4174 of
1160 4126 1246 4174 the
1283 4126 1370 4174 Gr.
1409 4125 1482 4173 St.
1521 4124 1548 4171 Ι
1586 4136 1671 4187 41.
1730 4122 1875 4180 „The
1917 4121 2039 4185 king
2075 4123 2281 4185 Lycaon
2317 4120 2506 4168 offered
2542 4137 2573 4169 a

246 4207 423 4261 human
457 4216 591 4264 child
628 4233 694 4264 on
733 4216 818 4264 the
853 4214 1002 4273 altam
1042 4216 1142 4263 and
1178 4214 1452 4262 Pausanias
1490 4229 1651 4262 seems
1688 4219 1742 4261 to
1779 4211 1955 4275 darkly
1991 4210 2103 4258 hint
2140 4217 2194 4259 at
2231 4208 2315 4258 the
2355 4209 2572 4259 survival

247 4300 303 4347 of
352 4304 465 4352 such
516 4323 546 4354 a
598 4305 812 4369 practice
865 4305 1013 4354 when
1067 4304 1132 4352 he
1181 4304 1399 4352 declares
1436 4302 1544 4351 that
1580 4301 1647 4350 he
1682 4301 1851 4350 would
1886 4299 2050 4349 rather
2084 4307 2175 4348 not
2210 4298 2364 4364 speak
2399 4300 2458 4347 of
2488 4297 2573 4347 the

244 4387 418 4441 details
451 4395 508 4442 of
538 4394 622 4443 the
659 4394 926 4445 sacrifice.''
