3144 5114
1400 526 1482 597 51

282 715 501 790 Elidis
583 715 806 805 colliS‚
888 730 1070 791 teste
1152 715 1515 791 Pausania
1568 718 1636 818 ¹),
1738 730 1981 812 Κρόνου
2054 722 2494 811 sacerdotes,
2562 735 2616 796 οἱ

279 848 540 912 Βασίλαι
589 848 970 932 καλούμενοι,
1018 837 1211 916 circa
1266 842 1809 939 aequinoctium
1840 871 1993 918 rem
2025 846 2349 922 divinam
2379 849 2618 923 facere

280 966 618 1040 solebant.
700 967 914 1046 Alius
989 980 1257 1060 Κρονίου
1303 978 1494 1060 ὅρους,
1560 968 1632 1041 in
1693 970 2061 1045 Laconica
2115 972 2250 1061 siti,
2297 976 2618 1048 Pseudo-

280 1091 702 1165 Plutarchus
765 1089 816 1191 2>
892 1093 1334 1166 mentionem
1392 1090 1582 1168 facit.
1638 1096 2026 1170 Praeterea
2080 1098 2175 1171 de
2230 1098 2373 1172 alio
2431 1100 2617 1174 colle

278 1215 596 1290 eiusdem
654 1217 968 1291 nominis
1024 1219 1487 1292 Ptolemaeus
1523 1215 1575 1318 3)
1631 1219 1968 1315 loquitur.
2028 1224 2192 1296 Nec
2231 1249 2378 1296 non
2428 1251 2618 1319 quae

280 1341 653 1415 Diodorus
736 1341 1025 1416 Siculus
1060 1344 1111 1441 4)
1192 1345 1287 1417 de
1349 1355 1595 1437 Κρόνου
1643 1344 1954 1419 cultibus
2019 1348 2335 1436 tradidit,
2391 1349 2621 1446 digna

277 1481 452 1553 sunt,
508 1493 699 1562 quae
753 1468 896 1541 hoc
953 1468 1125 1545 loco,
1150 1484 1834 1544 commemorentur.
1892 1473 2006 1544 Eo
2040 1486 2342 1547 auctore
2389 1485 2624 1565 Κρόνος

279 1591 666 1686 antiquitus
724 1593 1172 1668 Cretensium
1232 1607 1387 1667 erat
1440 1595 1623 1669 deus
1679 1596 1980 1691 eiusque
2036 1599 2272 1671 cultus
2317 1625 2361 1682 a
2407 1598 2623 1672 Creta

279 1740 502 1811 usque
558 1719 653 1790 ad
711 1704 1232 1792 remotissimas
1290 1719 1629 1816 regiones
1686 1721 2172 1796 occidentales
2203 1722 2621 1820 penetravit.

281 1841 443 1933 Quo
474 1841 749 1915 factum
781 1868 940 1917 esse
961 1857 1167 1941 putat
1189 1843 1588 1932 DiodoruS,
1613 1860 1693 1919 ut
1712 1871 1945 1942 usque
1965 1848 2060 1920 ad
2079 1873 2288 1921 suam
2311 1860 2644 1921 aetatem·

280 1969 637 2062 permulta
693 1967 983 2042 Siciliae
1036 1968 1201 2049 loca
1256 1968 1452 2043 edita
1495 1982 1731 2064 Κρόνια
1778 1972 2341 2046 nominarentur.
2381 1972 2622 2046 Etiam

286 2092 686 2192 Dionysius
744 2094 1413 2168 Halicarnassensis
1449 2093 1500 2193 5>
1576 2096 1894 2192 denique
1952 2098 2393 2171 mentionem
2452 2097 2626 2170 facit

284 2230 543 2311 Κρονίου
590 2227 802 2309 λόφου,
849 2219 920 2292 in
979 2220 1185 2293 Italia
1238 2220 1373 2306 siti,
1429 2220 1500 2293 in
1531 2247 1681 2316 quo
1713 2221 1885 2294 olim
1918 2223 2129 2318 Epei‚
2163 2224 2623 2297 Graecorum

285 2344 509 2417 classe
592 2344 664 2416 in
732 2344 1008 2417 Italiam
1086 2344 1393 2441 appulsi,
1450 2346 1885 2442 oppidulum
1946 2347 2469 2433 condidissent;
2526 2346 2626 2418 ibi

287 2494 503 2555 aram,
578 2494 769 2565 quae
845 2469 1185 2568 Dionysii
1251 2483 1487 2543 aetate
1550 2471 1792 2544 adhuc
1851 2473 2181 2545 exstabat
2226 2482 2446 2568 Κρόνῳ
2491 2483 2628 2544 sta-

283 2595 503 2668 tuisse
559 2594 994 2669 ferebantur.

389 2723 601 2794 Haec
684 2735 870 2807 sunt,
952 2747 1142 2817 quae
1223 2735 1502 2795 veteres
1566 2721 1957 2819 scriptores
2013 2722 2108 2794 de
2164 2721 2475 2795 collibus
2533 2722 2627 2794 ad

284 2858 526 2940 Κρόνου
574 2845 1112 2920 venerationem
1170 2847 1415 2921 electis
1452 2847 1925 2921 tradiderunt.
1986 2844 2207 2919 Nunc
2239 2846 2630 2920 sententias

283 2997 327 3044 a
383 2972 907 3046 recentioribus
936 2971 1448 3068 interpretibus
1477 2972 1572 3045 de
1602 2971 1687 3045 iis
1717 2972 2035 3069 prolatas
2066 2971 2630 3045 consideremus

379 3096 544 3171 'Iam
603 3097 1134 3194 quinquaginta
1188 3096 1338 3170 fere
1394 3122 1624 3170 annos
1662 3096 1927 3170 abhinc
1966 3096 2306 3169 Welcker
2339 3092 2391 3195 6)
2449 3094 2633 3168 mira

285 3249 435 3317 qua
517 3222 653 3296 fuit
733 3222 1131 3320 sagacitate
1204 3222 1274 3293 in
1353 3223 1774 3320 mythorum
1849 3221 2301 3294 lineamentis
2377 3220 2632 3318 priscis

284 3363 508 3444 atque
580 3347 877 3421 sinceris
951 3350 1046 3421 ab
1112 3347 1626 3421 additamentis
1668 3336 2121 3443 ⁴posterioris
2196 3346 2355 3419 aevi
2423 3346 2633 3419 inter-

282 3471 693 3559 noscendiS,
766 3472 1134 3571 perspexit
1205 3474 1447 3560 deum,
1522 3473 1647 3568 qui
1721 3471 1991 3568 passim
2042 3481 2300 3563 Κρόνιος
2353 3481 2634 3561 Κρονίων

280 3606 590 3691 Κρονίδης
646 3598 1225 3695 cognominatur,
1299 3623 1444 3670 non
1521 3598 1689 3670 ideo
1764 3597 1863 3669 ita
1935 3574 2101 3669 esse·
2169 3594 2634 3692 appellatum,

282 3725 493 3819 quod
552 3722 774 3799 Croni
832 3722 1220 3821 progenies
1265 3723 1672 3809 haberetur,
1700 3722 1830 3796 sed
1862 3720 2181 3818 epitheta
2207 3719 2327 3792 illa
2355 3745 2444 3792 ex
2493 3729 2636 3799 Λιός

281 3862 550 3923 natura
631 3862 852 3944 atque
932 3847 1177 3921 indole
1258 3873 1417 3922 esse
1498 3847 2055 3944 interpretanda.
2131 3847 2211 3917 In
2279 3844 2364 3916 iis
2438 3840 2632 3916 enim

280 3975 735 4048 vocabulum
786 3982 1071 4067 ,,χρονος”
1120 3972 1344 4047 latere
1380 3971 1848 4067 existimavi&
1877 3985 2169 4066 tempus
2197 3993 2372 4042 vero
2404 3991 2632 4062 quum

361 4220 407 4278 1)
450 4217 604 4267 PauS.
644 4214 723 4264 VI
764 4226 845 4274 20,
893 4227 934 4262 ῐ.
1365 4224 1412 4274 2)
1450 4211 1697 4262 Ps.-Plut.
1735 4211 1799 4258 de
1837 4209 1954 4259 fluv.
1994 4208 2080 4256 IX
2119 4219 2169 4270 3.

356 4308 411 4369 3)
452 4295 590 4354 Ptol.
629 4302 712 4352 III
756 4303 834 4361 16,
873 4319 920 4367 4.
1358 4304 1411 4365 4)
1449 4301 1604 4349 Diod.
1643 4300 1742 4350 Sic,
1780 4299 1862 4345 III
1900 4297 1986 4347 61.
2024 4296 2137 4345 XV
2184 4293 2263 4346 16.

359 4397 413 4459 5)
454 4393 613 4441 Dion.
653 4392 774 4441 Hal.
810 4391 966 4444 Arch.
1004 4393 1031 4440 I
1070 4404 1154 4454 34.
1351 4390 1402 4453 6)
1438 4392 1500 4439 F.
1539 4390 1603 4438 G.
1641 4387 1895 4444 Welcker,
1935 4386 2022 4434 Gr.
2062 4383 2272 4434 Gotterl.
2309 4383 2336 4430 I
2381 4395 2471 4444 141
2525 4397 2638 4446 sqq.
