3144 5114
1656 517 1752 599 36

531 725 801 800 divinis
856 739 1010 799 arte
1065 738 1221 800 erat
1257 725 1691 800 coniunctus
1717 723 1788 825 ¹),
1843 726 2132 822 utrique
2177 726 2493 823 denique
2522 728 2668 801 deo
2698 726 2871 800 olim

525 850 862 925 homines
917 851 1487 925 immolabantur
1522 849 1593 949 2).

632 978 979 1050 Secundo
1036 976 1229 1049 'loco
1303 978 1696 1051 observatu
1771 976 2283 1074 dignissimum
2341 992 2467 1064 est,
2522 977 2745 1051 etiam
2803 977 2872 1050 in

527 1102 878 1176 Boeotiae
953 1116 1199 1175 monte
1275 1102 1699 1200 LaphystiO,
1773 1102 1899 1175 ubi
1964 1114 2117 1184 Ζεὺς
2163 1112 2528 1191 Λαφύστιος
2592 1102 2768 1177 inde
2831 1129 2874 1175 a

525 1226 781 1324 priscis
879 1226 1336 1325 temporibus
1419 1227 1815 1315 colebatur,
1895 1226 2170 1300 hostias
2251 1226 2613 1301 humanas
2697 1227 2872 1300 olim

522 1376 816 1426 summo
899 1353 1042 1426 deo
1125 1351 1361 1426 litatas
1445 1377 1624 1426 esse.
1708 1351 1933 1427 Cuius
2016 1350 2119 1424 rei
2193 1351 2503 1449 vestigia
2556 1352 2874 1426 servavit

523 1477 772 1551 fabula
844 1477 1208 1573 quaedam
1283 1477 1483 1575 apud
1540 1476 1979 1551 Pausaniam
2038 1476 2368 1573 aliosque
2423 1500 2875 1551 commemo-

523 1616 715 1689 rata,-
750 1629 900 1698 qua
953 1603 1313 1676 Athamas
1370 1602 1564 1688 olim,
1622 1602 1693 1675 in
1752 1615 1999 1675 monte
2057 1601 2461 1699 Laphystio
2518 1601 2871 1676 Phrixum

522 1741 594 1801 et
651 1728 936 1813 Hellen,
992 1728 1182 1801 filios
1235 1753 1430 1813 suos,
1486 1727 2013 1813 immolaturus,
2068 1727 2164 1800 ab
2219 1726 2520 1799 immani
2559 1726 2684 1800 illo
2724 1753 2875 1801 sce-

521 1853 670 1927 lere
752 1852 1163 1950 prohibitus
1244 1877 1404 1926 esse
1478 1852 1848 1926 ferebatur
1902 1878 1947 1925 a
1993 1863 2094 1923 Διί
2147 1851 2329 1948 ipSO,
2385 1851 2511 1947 qui
2567 1851 2871 1926 arietem

519 1978 785 2051 vellere
858 2003 1082 2051 aureo
1155 1976 1425 2051 liberos
1481 1977 1552 2049 in
1608 1978 1775 2050 loca
1827 1989 1984 2050 tuta
2036 1975 2427 2050 transferre
2482 1976 2769 2051 iuberet
2801 1974 2874 2075 3).

522 2102 765 2176 Etiam
851 2102 1220 2177 Herodoti
1303 2116 1538 2175 aetate
1623 2103 1986 2175 interdum
2073 2101 2307 2174 maior
2388 2115 2561 2175 natu
2627 2103 2873 2199 gentis

520 2228 1213 2301 Athamantidarum
1289 2240 1667 2323 tamquam
1742 2227 2039 2299 victima
2112 2227 2254 2299 deo
2322 2225 2775 2300 offerebatur
2803 2223 2873 2323 ⁴).

522 2353 732 2446 Quae
785 2352 1146 2427 sacrificia
1202 2351 1525 2425 Platonis
1581 2366 1913 2449 tempore
1968 2352 2299 2424 nondum
2339 2352 2555 2448 plane
2594 2351 2873 2424 abolita

523 2478 830 2552 fuerunt.
888 2479 967 2550 In
1027 2476 1300 2550 Minois
1354 2477 1547 2550 enim
1608 2477 1907 2574 dialogo
1945 2474 1996 2573 5)
2052 2476 2234 2549 haec
2283 2475 2626 2575 legimus:
2664 2476 2871 2572 (Min.

496 2630 589 2701 p.
648 2628 689 2695 3
711 2631 736 2678 1
760 2628 797 2698 5
858 2605 943 2702 c.)

610 2732 737 2792 ἐπεὶ
800 2732 1025 2793 αὐτίκα
1086 2732 1226 2809 ἡμῖν
1280 2731 1389 2809 μὲν
1449 2733 1522 2792 οὐ
1580 2731 1760 2810 νόμος
1830 2731 1993 2792 ἐστὶν
2063 2729 2438 2806 ἀνθρώπους
2500 2731 2680 2792 θύειν
2725 2726 2868 2791 ἀλλ’

521 2842 782 2917 ἀνόσιον,
825 2837 1231 2922 Καρχηδόνιοι
1272 2837 1333 2900 δὲ
1372 2841 1634 2902 θύουσιν
1671 2841 1751 2911 ὡς
1790 2836 1954 2902 ὅσιον
1998 2839 2068 2902 ὄν
2111 2843 2210 2901 καὶ
2248 2840 2502 2918 νόμιμον
2542 2841 2755 2912 αὐτοῖς
2774 2886 2871 2901 .....

521 2954 620 3012 καὶ
666 2954 748 3031 μὴ
796 2947 889 3011 ὅτι
940 2950 1234 3033 βάρβαροι
1284 2948 1610 3032 ἄνθρωποι
1661 2951 1830 3027 ἡμῶν
1869 2945 2079 3021 ἄλλοις
2124 2949 2327 3028 νόμοις
2373 2960 2656 3031 χρῶνται,
2701 2945 2872 3010 ἀλλὰ

521 3063 619 3122 καὶ
676 3062 731 3120 οἱ
794 3060 856 3121 ἓν
914 3060 1175 3143 Λυκαίῳ
1199 3052 1251 3140 6)
1312 3053 1485 3121 οὗτοι
1550 3062 1649 3120 καὶ
1720 3060 1776 3120 οἱ
1840 3070 1952 3120 τοῦ
1998 3057 2417 3137 Ἀθάμαντος
2460 3053 2690 3135 ’ἔκγονοι
2738 3055 2874 3131 οἳας

522 3169 745 3239 θυσίας
791 3168 1052 3229 θύουσιν
1099 3164 1402 3249 (Έλληνες
1452 3167 1639 3239 ὄντες.

631 3274 860 3349 Hisce
916 3275 1251 3362 cultibus,
1307 3275 1432 3371 qui
1473 3300 1728 3349 omnes
1759 3274 2413 3349 remotissimorum
2443 3288 2870 3372 temporum

522 3400 828 3497 vestigia
886 3380 1334 3487 conservant,
1384 3414 1554 3498 apte
1593 3400 2017 3498 adiungitur
2053 3400 2172 3474 dei
2204 3400 2598 3478 Dodonaei
2627 3401 2874 3475 cultus

599 3653 642 3714 1)
681 3651 760 3701 Cf.
800 3651 950 3698 Paus.
988 3650 1068 3698 IV
1108 3662 1222 3712 33,1
1266 3666 1378 3699 cum
1416 3651 1565 3699 PauS.
1606 3651 1743 3700 VIII
1782 3650 1919 3714 38‚3.

596 3744 643 3803 2)
683 3740 760 3788 Cf.
800 3740 950 3788 PauS.
989 3739 1070 3787 IV
1115 3751 1225 3801 19,3
1267 3739 1456 3790 Euseb.
1494 3755 1668 3804 praep.
1706 3756 1881 3804 evang.
1919 3741 1999 3788 IV
2044 3740 2212 3799 16,12.
2251 3739 2409 3789 Clem.
2430 3737 2577 3788 Alex.
2599 3740 2763 3789 Protr.
2785 3736 2872 3788 111

520 3846 572 3894 p.
611 3828 677 3893 36
714 3845 828 3878 cum
864 3829 985 3876 locis
1022 3828 1155 3892 apud
1190 3829 1442 3878 Immerw.
1481 3829 1737 3893 exscriptis
1775 3830 1873 3893 (K.
1912 3846 1964 3879 u.
1999 3829 2075 3877 M.
2114 3832 2182 3877 A.
2230 3830 2475 3892 10—12).

593 3920 643 3981 3)
681 3918 761 3968 Cf.
800 3919 950 3965 Paus.
989 3917 1076 3964 IX
1115 3928 1251 3981 34,5.
1291 3918 1484 3966 Herod.
1524 3919 1661 3966 VIII
1706 3929 1819 3979 197.
1859 3918 2027 3968 Schol.
2066 3918 2241 3982 Apoll.
2279 3917 2388 3984 ΕΙ).
2428 3920 2553 3981 Arg.
2591 3918 2646 3966 II
2682 3915 2811 3981 653.

592 4010 643 4070 4)
682 4008 760 4058 Cf.
800 4009 995 4058 Herod.
1035 4018 1084 4058 et
1120 4008 1294 4073 Apoll.
1334 4004 1440 4055 Rh.
1480 4006 1567 4055 1.1.
2814 4059 2822 4066 .

595 4100 642 4160 5)
680 4097 823 4164 Licet
858 4097 938 4147 hic
976 4099 1200 4161 dialogus
1238 4096 1437 4145 Platoni
1473 4096 1571 4159 ipsi
1608 4112 1710 4144 non
1747 4097 2092 4147 attribuendus
2130 4099 2210 4156 sit,
2238 4106 2352 4147 ante
2372 4098 2477 4145 eius
2496 4103 2708 4146 aetatem
2730 4105 2870 4146 certe

521 4186 731 4250 scriptus
768 4203 871 4235 non
908 4196 998 4235 est.
1037 4188 1116 4237 Cf.
1153 4189 1221 4234 A.
1261 4184 1483 4242 Boeckh,
1524 4184 1843 4242 ,‚Comment.
1885 4188 1934 4234 in
1973 4188 2101 4236 Plat.
2140 4188 2227 4251 qui
2263 4188 2418 4235 fertur
2454 4186 2735 4235 MinoemP

592 4275 642 4337 6>
680 4273 743 4328 ἐν
801 4279 1038 4350 Λυκαίῳ
1081 4292 1170 4340 pro
1206 4276 1335 4338 vulg.
1374 4272 1437 4328 ἐν
1481 4280 1545 4343 τῇ
1589 4277 1782 4346 Λυκίᾳ
1817 4275 2084 4338 legendum
2120 4284 2244 4340 puto
2282 4292 2395 4324 cum
2437 4275 2709 4325 Welekero
2747 4276 2865 4336 (Kl.

519 4370 659 4418 Schr.
697 4371 779 4418 111
826 4370 956 4433 162).
