3144 5114
1709 502 1810 587 46

580 708 1085 782 celebrabatur
1149 730 1260 781 τοῦ
1319 720 1475 801 ἱεροῦ
1520 718 1722 798 γάμου
1769 724 1842 784 et
1925 711 2432 785 celebrabatur
2513 709 2586 785 in
2665 710 2920 787 montis

578 834 975 908 cacumine.
1076 834 1348 907 Mirum
1450 848 1694 908 tamen
1769 851 1878 911 est
1960 836 2148 910 inter
2227 849 2336 910 tot
2416 850 2488 910 et
2573 850 2722 910 tam
2804 862 2915 910 va-

579 958 719 1032 rias
828 958 1327 1044 caerimonias,
1426 959 1715 1054 quibus,
1824 975 2125 1035 auctore
2243 961 2623 1048 Pausania,
2704 962 2911 1035 huius

579 1083 740 1157 festi
839 1110 1049 1158 sacra
1130 1083 1577 1157 conficerent
1660 1086 1965 1173 Boeotii,
2049 1087 2321 1159 nullam
2407 1088 2503 1160 ad
2585 1086 2920 1160 imbrium

579 1208 1165 1304 implorationem
1221 1223 1638 1305 spectasse.
1719 1211 1937 1284 Tales
2021 1211 2214 1284 enim
2290 1212 2469 1284 ritus
2536 1211 2607 1284 in
2675 1211 2921 1285 ceteris

576 1332 1086 1407 huiuscemodi
1143 1333 1458 1408 cultibus
1515 1335 1877 1421 omnibuS,
1931 1337 2025 1408 de
2082 1336 2351 1430 quibus
2405 1335 2629 1409 locuti
2658 1360 2922 1421 sumuS,

579 1459 876 1532 minime
950 1459 1354 1532 defuerunt.
1420 1460 1664 1533 Etiam
1736 1461 1806 1533 in
1874 1475 2122 1534 monte
2174 1461 2613 1534 Arachnaeo
2668 1461 2918 1558 Argivi

577 1609 1131 1679 nonnumquam
1217 1586 1654 1658 avertendae
1735 1585 2079 1659 siccitatis
2164 1611 2387 1659 causa
2460 1598 2559 1657 Διὶ
2605 1600 2704 1658 καὶ
2750 1597 2921 1679 ςἨρᾳ

577 1709 1104 1796 sacrificabant,
1160 1736 1308 1804 qua
1354 1711 1449 1783 de
1487 1737 1564 1784 re
1602 1710 1785 1784 haec
1813 1711 2035 1784 habet
2063 1711 2462 1785 Pausanias
2492 1711 2583 1810 (II
2622 1736 2656 1783 2
2675 1734 2736 1806 5,
2777 1712 2920 1808 lo):

672 1837 860 1898 ’Ἐστι
913 1834 974 1897 δὲ
1022 1837 1155 1918 ὄρος
1201 1838 1355 1920 ὑπὲρ
1404 1848 1512 1918 τῆς
1549 1837 1804 1919 Λήσσης
1854 1840 1924 1899 τὸ
1970 1838 2370 1920 Ἀραχναῖον,
2394 1835 2594 1900 πάλαι
2611 1835 2673 1899 δὲ
2697 1843 2921 1899 Σαπυ-

577 1942 854 2008 σελάτων
917 1946 1017 2007 ἐπὶ
1086 1944 1336 2030 Ἰνάχου
1395 1950 1464 2008 τὸ
1532 1947 1724 2027 ὄνομα
1788 1944 2028 2028 εἰλήφει·
2086 1949 2280 2031 βωμοὶ
2345 1945 2407 2009 δέ
2454 1949 2600 2010 εἰσιν
2648 1948 2711 2010 ἓν
2757 1950 2920 2031 αὐτῷ

577 2055 720 2127 Διός
778 2079 844 2116 τε
892 2060 990 2116 καὶ
1038 2055 1262 2138 εἭρας·
1312 2054 1532 2138 δεῆσαν
1579 2056 1806 2141 ὄμβρου
1853 2057 2053 2136 σφίσιν
2099 2057 2378 2120 ἐνταῦθα
2426 2057 2667 2119 θύουσι.

685 2164 799 2236 Ex
854 2163 940 2237 iis
997 2164 1235 2261 igitur,
1292 2191 1482 2259 quae
1537 2164 1908 2239 attulimus
1948 2166 2139 2239 clare
2179 2164 2323 2238 iam
2355 2179 2661 2262 apparet
2686 2165 2920 2239 varios

579 2289 650 2361 in
727 2290 990 2363 modos
1066 2291 1394 2365 Graecos
1452 2291 1674 2364 deum
1740 2291 2161 2387 «pluvium»
2227 2290 2540 2364 summis
2596 2291 2669 2362 in
2727 2315 2919 2363 mon-

577 2414 769 2487 tibus
826 2414 1156 2488 coluisse.
1211 2416 1550 2489 Vidimus
1604 2428 1997 2512 praeterea,
2054 2442 2288 2510 usque
2343 2442 2638 2511 quaque
2676 2416 2825 2489 fere
2851 2415 2918 2487 in

575 2539 755 2614 locis
835 2540 1046 2614 editis
1122 2551 1264 2625 Διός
1338 2541 1628 2639 nuptias
1702 2542 2102 2616 celebratas
2176 2568 2353 2616 esse.
2449 2541 2648 2634 Quid
2725 2541 2920 2637 quod

577 2665 794 2738 etiam
850 2666 1032 2752 loca,
1088 2666 1214 2738 ubi
1263 2677 1414 2749 Ζεύς
1461 2681 1672 2741 natus
1720 2681 1940 2762 atque
1968 2669 2322 2741 educatus
2352 2693 2512 2741 esse
2542 2667 2920 2753 ferebatur,

576 2791 971 2887 praecipue
1026 2791 1098 2863 in
1159 2792 1529 2865 montibus
1595 2792 1732 2865 sita
1760 2795 2001 2866 erant?
2058 2795 2138 2866 In
2194 2792 2308 2866 his
2339 2794 2719 2868 Cretenses
2749 2818 2919 2889 prae

577 2916 833 2988 ceteris
931 2915 1435 3013 gloriabantur
1534 2917 1819 2990 Rheam
1922 2920 2298 3013 quondam
2395 2918 2617 2992 Croni
2700 2918 2918 2991 furias

576 3039 950 3113 timentem
1026 3040 1097 3112 in
1180 3067 1389 3114 suam
1449 3041 1758 3114 insulam
1817 3042 2191 3140 refugisse,
2247 3043 2374 3116 ubi
2431 3044 2503 3116 in
2561 3044 2916 3116 montium

574 3164 870 3238 latebris
926 3179 1217 3262 partum
1275 3167 1539 3253 ederet,
1596 3167 1722 3239 ubi
1779 3167 2045 3241 deinde
2101 3168 2333 3241 filium
2373 3169 2719 3266 nymphis
2749 3169 2919 3242 edu-

575 3290 894 3362 candum
973 3292 1367 3364 mandaret.
1433 3291 1574 3363 Vix
1637 3318 1824 3365 unus
1881 3306 2034 3366 erat
2089 3293 2160 3366 in
2218 3308 2370 3367 tota
2425 3294 2660 3367 insula
2714 3294 2917 3367 locus

574 3415 796 3511 paulo
863 3415 1213 3512 superior,
1292 3415 1410 3510 qui
1484 3441 1631 3488 non
1707 3418 1968 3490 harum
2027 3443 2269 3492 rerum
2327 3419 2636 3516 vestigia
2689 3434 2918 3493 osten-

576 3540 796 3612 deret.
873 3540 997 3613 Sic
1058 3541 1435 3615 Hesiodus
1473 3538 1522 3638 1>
1581 3541 1653 3613 in
1712 3556 1919 3614 antro
1979 3544 2266 3617 excelso
2325 3544 2592 3617 montis
2637 3542 2917 3642 Aegaei

578 3663 862 3737 Rheam
921 3664 1151 3736 filium
1183 3665 1655 3738 abscondisse
1685 3683 2234 3756 commemorat,
2262 3668 2380 3741 alii
2410 3667 2458 3769 ᾗ)
2490 3669 2718 3742 monti
2748 3670 2920 3741 Idae

576 3801 701 3861 aut
719 3788 934 3861 huius
957 3789 1221 3862 montis
1243 3816 1578 3865 summae
1596 3791 1996 3889 parti,quae
2014 3802 2322 3885 Πάνακρα
2342 3795 2918 3891 nuncupabatur,

653 4175 708 4244 1)
744 4179 872 4228 Hes,
909 4178 1103 4242 Theog.
1143 4179 1244 4243 483
1286 4196 1396 4244 sqq.

649 4267 698 4326 2)
735 4267 814 4317 Cf.
862 4267 989 4320 Call.
1039 4269 1199 4332 Hym.
1248 4270 1299 4316 in
1330 4271 1444 4334 Jov.
1485 4285 1533 4332 4.
1577 4281 1660 4333 51.
1700 4269 1867 4321 Schol.
1905 4272 2055 4321 Pind.
2094 4273 2175 4321 Ol.
2215 4272 2267 4322 V
2306 4286 2390 4337 42.
2429 4273 2585 4325 Diod.
2622 4275 2720 4325 Sic.
2759 4274 2811 4324 V
2834 4285 2915 4335 70.

574 4354 748 4419 Apoll.
788 4356 920 4404 Bibl.
959 4358 985 4404 I
1011 4370 1053 4415 1,
1079 4357 1126 4415 6,
1154 4368 1200 4418 7.
1228 4358 1397 4407 Schol.
1420 4359 1597 4423 Apoll.
1620 4358 1727 4406 Rh.
1749 4361 1872 4425 Arg.
1894 4361 1976 4408 III
2004 4373 2117 4425 134.
2155 4362 2333 4427 Steph.
2353 4364 2475 4427 Byz.
2497 4380 2538 4413 s.
2558 4380 2605 4412 V.
2626 4366 2916 4438 Πάνακρα.
