3144 5114
1326 497 1419 565 79

211 689 612 786 periculosa
663 688 756 762 sit
808 687 970 762 talis
1028 688 1321 785 mythos
1359 687 1769 785 explicandi
1817 688 2018 774 rati0‚
2065 714 2285 784 quam
2335 688 2544 763 facile

211 815 274 887 in
366 840 688 897 errorem
792 812 1091 886 inducat
1190 813 1836 910 interpretatorem,
1935 827 2102 887 ante
2194 814 2444 888 monui
2472 811 2542 915 ¹).

212 942 394 1013 Inter
482 953 593 1012 tot
682 938 1006 1012 virorum
1099 939 1489 1012 doctorum
1570 938 1961 1012 sententias
2044 938 2241 1012 nulla
2321 938 2545 1037 igitur

212 1079 327 1150 est,
400 1064 518 1137 cui
592 1090 682 1136 ex
755 1062 955 1136 omni
1030 1077 1236 1158 parte
1310 1062 1639 1137 assentiri
1703 1088 2006 1159 possum
2082 1089 2321 1159 neque
2393 1064 2543 1137 ullo

212 1190 428 1262 modo
503 1187 661 1263 fieri
733 1214 952 1285 posse
1024 1188 1376 1274 existimO,
1449 1202 1529 1262 ut
1602 1213 1645 1261 e
1718 1187 1987 1286 mythis
2062 1189 2155 1262 de
2209 1190 2545 1263 Athenae

210 1314 485 1411 origine
555 1312 836 1386 traditis
909 1338 1045 1408 pro
1129 1326 1328 1387 certo
1411 1312 1836 1399 efficiamus,
1920 1314 2097 1408 quid
2152 1313 2244 1387 sit
2298 1339 2386 1387 ex
2442 1315 2545 1401 iis,

212 1464 392 1533 quae
446 1439 519 1511 in
586 1436 794 1511 coelo
851 1436 1054 1524 fiunt,
1110 1437 1227 1510 cui
1301 1436 1485 1511 deae
1531 1451 1793 1510 natura
1838 1440 2293 1534 respondeat.
2349 1439 2548 1532 Quo-

213 1564 608 1636 dammodo
708 1576 950 1635 tamen
1045 1587 1446 1636 connexam
1531 1588 1691 1637 esse
1772 1563 1988 1636 deam
2073 1589 2242 1636 cum
2328 1566 2547 1638 rebus

214 1688 642 1762 coelestibus
743 1714 889 1761 non
982 1701 1092 1761 est
1181 1689 1384 1783 quod
1470 1713 1757 1785 negem.
1851 1690 2023 1760 Hoc
2107 1688 2298 1761 enim
2383 1714 2547 1786 pro-

212 1814 380 1887 bare
470 1812 759 1900 videtur
868 1812 1226 1886 artissima
1316 1813 1436 1885 illa
1523 1812 2050 1908 propinquitas,
2142 1840 2289 1909 qua
2379 1839 2548 1887 con-

213 1937 450 2012 iuncta
530 1951 684 2012 erat
753 1964 1046 2011 summo
1103 1939 1266 2025 de0,
1320 1938 1437 2011 cui
1492 1938 1714 2011 totius
1770 1937 1955 2011 coeli
2012 1938 2338 2034 regimen
2395 1953 2549 2012 erat

213 2062 549 2136 traditum
635 2062 909 2159 quique
989 2063 1382 2159 praecipue
1464 2063 1536 2135 in
1618 2062 1799 2136 locis
1881 2062 2091 2136 celsis
2156 2063 2547 2137 colebatur.

216 2187 448 2261 Etiam
525 2196 789 2279 Ἀθηνᾶ
852 2187 1052 2261 haud
1110 2187 1314 2261 aliter
1370 2214 1591 2284 quam
1638 2198 1792 2270 Ζεύς
1837 2187 2012 2283 ipse,
2058 2196 2329 2278 Ἀκραῖα
2377 2214 2550 2285 cog-

215 2313 756 2397 nominabatur;
840 2338 989 2408 quo
1072 2312 1368 2386 nomine
1449 2312 1520 2385 in
1609 2337 1881 2408 magno
1965 2312 2246 2386 honore
2328 2312 2549 2387 fuisse

215 2436 493 2511 videtur
575 2438 774 2533 apud
846 2437 1188 2534 Argivos,
1261 2436 1404 2532 qui,
1458 2436 1648 2510 sicut
1701 2462 1925 2532 supra
1977 2437 2453 2532 probavimus
2479 2435 2551 2535 ²),

215 2563 601 2660 praecipue
667 2562 986 2636 numina·
1042 2563 1112 2634 in
1189 2562 1401 2635 editis
1474 2561 1655 2635 locis
1729 2562 1924 2636 culta
1994 2566 2549 2637 venerabantur.

217 2685 341 2785 (Cf.
424 2703 577 2771 Ζεὺς
622 2703 978 2781 Λαρισαῖος,
1024 2693 1373 2759 Ἀπόλλων
1444 2695 1872 2779 Δειραδιώτης,
1942 2697 2119 2779 (Ἡρα
2193 2689 2550 2780 Ἀκραία,3)

215 2819 557 2905 Ἀφροδίτη
627 2821 919 2904 Ἀκραία,
991 2820 1296 2902 ”Αρτεμις
1365 2819 1684 2903 Ἀκραία).

316 2946 619 3029 Ἀκραίας
667 2949 908 3010 autern
968 2960 1384 3032 cognomen
1443 2935 1627 3009 deae
1682 2935 1988 3009 inditum
2038 2962 2216 3023 esse,
2261 2937 2434 3033 quia
2479 2937 2550 3009 in

218 3060 500 3134 arcibus
529 3060 906 3148 coleretur,
924 3051 1150 3158 vulgo
1180 3060 1633 3156 perhibetur;
1663 3062 2005 3157 equidem
2035 3075 2279 3135 tamen
2308 3061 2553 3158 potius

188 3185 643 3259 crediderim
720 3212 882 3260 earn
959 3185 1352 3281 antiquitus
1424 3186 1566 3258 hoc
1643 3210 1911 3258 nomen
1977 3186 2318 3282 adeptam
2376 3213 2553 3273 esse,

217 3310 382 3404 quia
454 3310 847 3406 praecipue
920 3310 990 3382 in
1064 3309 1243 3383 locis
1315 3309 1527 3383 editis
1602 3310 1980 3384 coleretur.
2063 3311 2249 3384 Cum
2306 3324 2549 3384 autem

215 3432 471 3508 horum
555 3435 888 3507 locorum
977 3460 1246 3532 magna
1327 3460 1496 3531 pars
1553 3434 1624 3507 in
1682 3435 1881 3508 urbis
1937 3434 2239 3508 alicuius
2294 3435 2555 3509 vicinia

215 3574 415 3645 esset,
498 3558 835 3633 facillime
917 3559 1070 3633 fieri
1153 3559 1407 3656 potuit,
1489 3573 1569 3633 ut
1652 3560 1835 3634 deae
1900 3560 2135 3634 cultus
2190 3561 2260 3633 in
2318 3560 2550 3656 ipsam

215 3684 409 3757 urbis
465 3708 709 3757 arcem
766 3684 1287 3757 transferretur.
1343 3686 1452 3757 Ita
1503 3684 2027 3780 posterioribus
2083 3685 2323 3758 adhuc
2378 3698 2554 3757 tem-

218 3808 517 3902 poribus
573 3809 913 3904 permulti
969 3810 1349 3882 exstabant
1400 3810 1738 3882 Athenae
1775 3809 2010 3882 cultus
2038 3808 2108 3880 in
2137 3809 2317 3882 locis
2346 3809 2555 3881 editis

218 3955 446 4030 prope
477 3935 734 4006 urbem
767 3935 1134 4028 quandam
1165 3934 1333 4007 sitis.
1391 3935 1472 4006 In
1504 3934 1735 4007 Elidis
1765 3946 2030 4020 monte,
2057 3933 2219 4007 urbi
2249 3933 2556 4006 Phrixae

292 4249 336 4302 1)
376 4246 457 4296 Cf.
495 4261 608 4310 pag.
648 4257 696 4308 3.
1166 4247 1217 4306 2)
1254 4244 1339 4293 Cf.
1378 4260 1467 4308 pp.
1506 4244 1590 4307 64,
1629 4242 1714 4302 66,
1756 4253 1836 4307 73.

286 4343 336 4397 3)
372 4334 597 4399 Hesych.
637 4351 675 4382 s.
715 4350 763 4383 v.
803 4334 1028 4407 Ἀκρία.
1066 4334 1217 4381 Paus.
1253 4334 1310 4381 II
1348 4345 1484 4396 24‚3.
