3144 5114
1595 539 1684 588 22

465 729 816 827 paulatim
892 731 1442 817 evanescebant,
1505 743 1588 805 ut
1642 755 1900 804 eorum
1956 730 2153 804 nulla
2207 729 2359 805 fere
2413 729 2554 804 alia
2610 730 2805 805 relin-

468 870 865 952 querentur
917 855 1244 953 vestigia,
1282 854 1417 930 nisi
1449 857 1654 952 quod
1685 856 1755 928 in
1785 855 1984 943 locis,
2014 856 2087 929 in
2116 856 2386 952 quibus
2415 855 2803 953 aliquando

469 981 587 1055 dei
671 980 769 1053 illi
850 981 1303 1055 subterranei
1386 981 1561 1055 culti
1636 996 1893 1070 essent,
1956 996 2215 1078 postea
2267 981 2512 1056 herois
2567 981 2806 1056 nescio

469 1105 679 1181 cuius
733 1105 1151 1203 sepulcrum
1209 1108 1716 1181 ostenderetur
1750 1103 1821 1206 ¹).

577 1232 866 1326 Quibus
922 1233 1017 1305 de
1073 1232 1312 1307 causis
1349 1258 1495 1306 non
1527 1233 1808 1321 dubito,
1837 1233 2014 1329 quin
2045 1233 2142 1306 illi
2173 1258 2474 1330 quoque
2503 1249 2806 1319 monteS,

471 1383 660 1454 quos
708 1358 779 1430 in
817 1358 1283 1454 praecedenti
1311 1359 1586 1456 pagina
1614 1359 2378 1446 commemoravimus,
2407 1359 2581 1432 olim
2640 1374 2810 1433 tam-

472 1510 695 1581 quam
754 1483 1001 1558 fetissa
1057 1484 1231 1556 culti
1258 1483 1418 1572 sint,
1447 1484 1624 1580 quia
1653 1484 2012 1557 montium
2041 1484 2240 1582 genii
2271 1484 2344 1556 in
2374 1484 2460 1558 iis
2488 1484 2814 1558 habitare

472 1609 1071 1684 existimarentur.
1129 1609 1334 1683 Facit
1387 1610 1534 1684 huc
1591 1635 1910 1706 quoque,
1939 1611 2143 1706 quod
2172 1609 2462 1684 Wilken
2494 1610 2812 1683 animad-

470 1735 702 1822 vertit,
785 1736 984 1832 apud
1063 1736 1381 1832 populos
1446 1736 1759 1810 incultos
1820 1736 2299 1833 Archipelagi
2357 1749 2812 1809 mortuorum

473 1860 755 1935 animas
811 1862 1235 1958 praesertim
1293 1862 1365 1935 in
1422 1862 1508 1937 iis
1565 1861 1940 1936 montibus
1993 1863 2207 1936 sedes
2261 1862 2533 1936 habere
2559 1861 2815 1959 putari,

474 2013 664 2084 quos
746 1986 1145 2083 antiquitus
1226 1988 1642 2063 fetissorum
1726 1988 1894 2061 loco
1951 1986 2188 2062 cultos
2244 1987 2467 2062 fuisse
2521 1987 2674 2061 veri
2726 1987 2816 2062 sit

473 2113 920 2188 simillimum
959 2111 1029 2213 2).

581 2240 792 2332 Quae
846 2264 1223 2313 sacrorum
1282 2239 1641 2313 montium
1699 2240 1882 2312 ratio
1911 2253 2133 2336 atque
2161 2254 2420 2313 natura
2445 2254 2817 2336 praeterea

476 2365 827 2463 cognosci
882 2365 1171 2439 videtur
1226 2391 1267 2439 e
1324 2368 1781 2441 Graecorum
1838 2391 2044 2439 more
2100 2379 2385 2439 montes
2440 2379 2812 2462 tamquam

475 2515 826 2587 personas
881 2490 1269 2589 figurandi,
1324 2492 1418 2566 de
1472 2516 1623 2587 quo
1682 2516 1887 2565 more
1941 2490 2256 2572 breviter
2309 2517 2530 2590 agere
2584 2491 2815 2566 velim.

480 2620 630 2692 Res
687 2617 879 2691 enim
935 2643 1291 2713 perquam
1348 2618 1688 2692 notabilis
1742 2633 1869 2705 est,
1899 2619 2166 2692 multos
2227 2617 2583 2692 Graeciae
2621 2644 2816 2691 mon-

477 2755 586 2817 tes
659 2743 1004 2818 habuisse
1077 2743 1394 2830 nomina,
1449 2744 1720 2840 quibus
1777 2743 1994 2817 etiam
2051 2743 2313 2818 heroes
2366 2743 2816 2839 semideique

478 2883 1088 2966 nuncuparentur.
1145 2870 1269 2946 Sic
1324 2870 1524 2966 apud
1579 2869 1970 2965 scriptores
2024 2883 2304 2943 veteres
2342 2868 2815 2966 cognomina:

477 2996 687 3069 Atlas
768 2997 1117 3070 Tantalos
1207 2996 1513 3069 Tmolos
1597 2994 1986 3070 Cithaeron
2074 2993 2422 3067 Haimos'
2470 2996 2817 3068 Ardettos

480 3124 879 3195 Parnessos
936 3122 1139 3220 Eryx
1178 3121 1494 3195 Helicon
1546 3121 1695 3208 Ida,
1741 3119 2010 3216 quibus
2058 3119 2402 3193 omnibus
2431 3146 2472 3193 e
2501 3121 2818 3194 Pseudo-

558 3433 607 3495 1)
647 3431 726 3481 Cf.
766 3431 958 3479 Rohde
995 3430 1062 3480 1.1.
1092 3444 1203 3493 132.
1247 3431 1348 3494 „So
1368 3446 1480 3494 mag
1500 3439 1646 3479 unter
1664 3431 1753 3479 der
1772 3430 1966 3480 Gestalt
1986 3430 2116 3479 noch
2136 3428 2373 3478 manches
2394 3429 2578 3485 Heros,
2598 3426 2680 3475 ein
2702 3426 2820 3474 alter

481 3521 745 3585 Localgott
780 3520 884 3570 sich
922 3522 1206 3584 verbergen,
1247 3521 1420 3569 dessen
1460 3520 1747 3584 Wohnung
1783 3521 1851 3567 im
1890 3521 2103 3568 Inneren
2143 3520 2231 3568 der
2267 3518 2402 3567 Erde
2438 3533 2551 3566 zum
2592 3515 2818 3581 „Grabe”

479 3610 801 3675 umgedeutet
847 3611 1035 3668 wurde,
1072 3609 1175 3658 ‘seit
1212 3626 1263 3658 er
1298 3610 1455 3660 selbst
1491 3627 1579 3659 aus
1617 3611 1776 3659 einem
1816 3609 2088 3674 gottlichen
2125 3610 2322 3657 Wesen
2358 3606 2581 3655 hoheren
2617 3607 2820 3667 Ranges

481 3717 593 3749 zum
633 3699 932 3749 sterblichen
970 3700 1173 3748 Helden
1208 3699 1551 3763 herabgesetzt
1587 3701 1739 3748 war.”

555 3786 609 3857 2)
664 3791 725 3840 G.
782 3792 852 3839 A.
890 3789 1120 3837 Wilken.
1179 3791 1286 3838 Het
1339 3790 1490 3839 anim.
1545 3789 1612 3852 bij
1642 3790 1706 3837 de
1744 3789 1876 3837 volk.
1915 3805 1962 3836 v.
2002 3788 2050 3836 d.
2090 3789 2132 3835 Ι.
2171 3790 2238 3835 A.
2277 3803 2328 3851 p.
2376 3798 2487 3847 139.
2548 3786 2702 3843 „Niet
2738 3789 2826 3832 on*

482 3878 858 3942 waarschijnlijk
916 3879 957 3928 is
1014 3878 1100 3927 het
1154 3879 1334 3937 echter‚
1393 3879 1481 3927 dat
1534 3878 1637 3927 ook
1690 3878 1749 3942 zij
1809 3878 1876 3940 (d.
1912 3894 1976 3926 w.
2007 3894 2050 3925 z.
2107 3876 2170 3925 de
2205 3875 2387 3938 heilige
2422 3876 2606 3938 bergen
2640 3875 2692 3922 in
2728 3873 2824 3921 den

483 3969 742 4033 Archipell
797 3968 1207 4034 oorspronkelijk‚
1264 3968 1708 4033 anthropopatisch
1764 3975 1994 4032 opgevat,
2052 3966 2125 4015 als
2180 3964 2385 4014 zoovele
2433 3965 2615 4013 fetisen
2650 3977 2822 4025 aange-

482 4058 644 4106 beden
700 4058 902 4106 werden
957 4074 1021 4106 en
1070 4074 1187 4106 men
1229 4066 1357 4106 eerst
1392 4058 1526 4117 later,
1567 4058 1727 4106 onder
1762 4057 1860 4105 den
1896 4056 2097 4105 invloed
2133 4071 2230 4103 van
2266 4054 2353 4102 het
2383 4053 2550 4102 steeds
2586 4068 2724 4102 meer
2759 4068 2822 4115 op

483 4149 582 4196 den
639 4148 921 4211 voorgrond
980 4147 1188 4196 tredend
1246 4147 1530 4212 spiritisme‚
1590 4164 1642 4195 er
1697 4155 1778 4195 toe
1826 4146 2072 4210 gekomen
2110 4146 2153 4193 is
2190 4145 2271 4193 die
2308 4144 2532 4192 eenmaal
2569 4142 2641 4191 als
2678 4141 2823 4203 heilig

483 4236 691 4301 geachte
727 4237 949 4300 hoogten
985 4238 1050 4300 bij
1091 4237 1339 4286 voorkeur
1375 4238 1447 4285 als
1486 4236 1910 4301 verblijfplaatsen
1946 4252 2042 4283 van
2080 4242 2300 4298 geesten,
2338 4235 2390 4281 in
2408 4233 2471 4281 de
2490 4238 2648 4282 eerste
2667 4231 2824 4297 plaats

483 4343 581 4375 van
636 4327 699 4374 de
755 4327 911 4374 zielen
967 4326 1055 4374 der
1107 4328 1483 4389 afgestorvenen
1520 4343 1614 4375 aan
1650 4334 1700 4374 te
1738 4324 1995 4374 merken.’'
2037 4325 2116 4373 Cf.
2153 4331 2406 4388 praeterea
2440 4323 2576 4387 apud
2613 4321 2823 4371 eundem

483 4433 569 4481 pp.
616 4430 634 4463 1
646 4429 727 4478 93,
771 4429 887 4479 230.
