3144 5114
1749 512 1851 580 60

626 723 973 818 quocirca
1024 723 1546 819 promontoria,
1602 722 1798 796 unde
1836 722 1906 796 in
1938 747 2139 795 mare
2166 721 2309 795 late
2335 720 2658 818 prospici
2687 720 2970 806 licebat,

624 873 1153 944 saepenumero
1209 848 1533 944 Apollini
1591 862 1796 922 erant
1850 847 2189 921 dedicata
2223 843 2293 945 ¹).

733 975 841 1046 Ita
895 972 965 1045 in
1020 973 1259 1059 Actio,
1312 973 1772 1047 Acarnaniae
1825 971 2350 1070 promontoriO,
2403 971 2761 1067 templum
2823 983 2973 1045 erat

625 1105 1038 1181 ’Λπόλλωνος
1086 1120 1197 1171 τοῦ
1243 1108 1549 1185 Ἀκτίου,·
1598 1099 1790 1185 item,
1847 1098 1918 1170 in
1976 1098 2212 1171 insula
2253 1098 2614 1183 Leucade,
2648 1098 2969 1169 Leucate

624 1223 1209 1320 promontorium
1267 1229 1637 1294 Ἀπόλλωνι
1685 1233 1986 1317 Λευκάτᾳ
2033 1222 2187 1296 sive
2234 1232 2477 1317 Ἀκτίῳ
2532 1236 2687 1294 erat
2717 1247 2969 1295 conse-

626 1362 925 1421 cratum.
984 1351 1160 1421 Duo
1199 1348 1296 1420 illi
1334 1347 1571 1420 cultus
1602 1361 1754 1420 arte
1783 1347 1968 1420 inter
1994 1373 2153 1421 sese
2182 1348 2577 1421 cohaerere
2605 1347 2967 1432 videntur;

626 1474 913 1568 utrique
994 1474 1136 1546 deo
1223 1472 1421 1546 festis
1476 1472 1701 1546 sacris
1773 1473 1989 1546 ludos
2046 1475 2501 1569 peragebant
2555 1472 2967 1546 consimiles

625 1598 1031 1693 similiaque
1094 1597 1449 1670 sacrificia
1514 1596 1895 1683 faciebant,
1951 1624 2009 1671 e.
2045 1624 2117 1694 g.
2173 1599 2461 1694 utrique
2516 1600 2783 1671 bovem
2844 1597 2968 1669 im-

628 1724 1001 1796 molabant
1056 1748 1344 1796 muscas
1401 1721 1694 1794 arcendi
1752 1747 1972 1796 causa
2000 1719 2068 1823 2).
2119 1726 2517 1797 Leucatam
2549 1736 2966 1819 promonto-

627 1848 812 1920 rium
898 1848 1259 1920 famosum
1346 1847 1679 1934 reddidit,
1762 1849 1964 1943 quod
2047 1849 2435 1945 quotannis
2509 1848 2787 1944 aliquis,
2850 1846 2964 1920 dei

627 1973 965 2071 expiandi
1022 1999 1260 2059 causa,
1316 1999 1360 2045 a
1413 1972 1720 2045 summis
1777 1974 2082 2070 rupibus
2119 1974 2614 2047 deiiciebatur.
2672 1976 2791 2046 De
2821 1998 2962 2068 quo

627 2100 823 2172 cultu
879 2098 1311 2195 perantiquo
1350 2098 1518 2170 vide
1548 2098 1784 2170 Strab.
1812 2100 1886 2170 X
1914 2125 1958 2190 4
1976 2123 2088 2191 52,
2119 2101 2320 2172 Serv.
2349 2099 2421 2171 in
2448 2100 2633 2171 Aen.
2665 2101 2765 2171 III
2802 2120 2964 2188 274.

629 2224 780 2296 Ecl.
835 2225 1005 2296 VIII
1072 2247 1184 2316 59,
1241 2224 1316 2296 C.
1375 2223 1463 2297 O.
1520 2223 1846 2310 Mueller,
1904 2226 2084 2296 Dor.
2142 2227 2171 2296 I
2228 2249 2365 2313 231
2424 2250 2547 2319 sq„
2603 2222 2963 2319 Toepffer,

629 2350 884 2422 Rhein.
942 2351 1129 2422 Mus.
1188 2345 1435 2439 N⁰.43
1498 2374 1619 2444 pp.
1690 2373 2117 2443 142—145.

735 2477 815 2546 In
878 2474 1125 2547 Attica
1190 2473 1774 2571 promontorium
1825 2487 2099 2569 Ζωστήρ,
2146 2475 2216 2546 in
2276 2500 2476 2548 mare
2531 2473 2963 2572 prominens,

625 2608 1038 2682 Ἀπόλλωνος
1098 2611 1454 2692 Ζωστηρίου
1503 2600 1691 2673 aede
1747 2614 1901 2674 erat
1957 2602 2240 2697 insigne
2276 2600 2346 2700 3).
2407 2603 2677 2697 Neque
2729 2600 2961 2674 solum

625 2737 898 2817 Ζωστήρ,
949 2724 1281 2822 Hymetti
1339 2725 1947 2821 promontorium,
2002 2728 2133 2799 sed
2190 2726 2407 2799 etiam
2466 2726 2623 2823 ipse
2665 2728 2964 2823 Hymet-

624 2864 740 2922 tus
820 2849 1147 2945 Apollini
1232 2875 1498 2921 nomen
1586 2851 1890 2924 dederat
1919 2852 1967 2950 ⁴)
2051 2851 2264 2947 eique
2318 2877 2529 2924 sacer
2581 2864 2770 2936 erat;
2822 2850 2961 2921 hoc

626 2973 818 3047 enim
901 2975 1043 3047 late
1128 3000 1327 3047 mare
1411 2977 1946 3072 prospectabat.
2049 2978 2227 3050 Inde
2300 2976 2750 3073 perspicitur,
2838 3000 2964 3048 cur

705 3182 754 3244 1)
793 3182 855 3230 In
908 3182 1106 3230 Africae
1159 3198 1357 3246 quoque
1413 3198 1501 3231 o1a
1557 3184 1807 3231 maritima
1862 3183 1962 3231 duo
2013 3181 2264 3246 Apollinis
2303 3182 2649 3246 promontoria
2686 3182 2782 3230 sita
2820 3182 2961 3230 fuisse

626 3271 879 3328 dicuntur;
937 3287 1147 3334 quorum
1203 3271 1412 3320 alterum
1468 3288 1527 3320 ex
1563 3274 1774 3320 adverso
1812 3272 2069 3320 Sardiniae
2106 3278 2228 3330 erat,
2289 3269 2391 3337 (Cf.
2433 3271 2597 3322 Strab.
2637 3271 2810 3321 XVII
2845 3270 2959 3332 832.
3032 3276 3037 3279 '

628 3361 741 3409 Liv.
791 3361 972 3408 XXX
1030 3374 1112 3424 24.
1174 3361 1309 3410 Plin.
1362 3362 1434 3411 N.
1468 3363 1538 3410 H.
1579 3362 1631 3410 V
1668 3374 1715 3424 3.
1755 3361 1943 3409 Melam
1980 3362 2006 3408 Ι
2047 3362 2110 3424 7),
2149 3359 2359 3409 alterum
2399 3361 2451 3409 in
2489 3361 2822 3410 Mauretania.
2858 3356 2954 3428 (Cf.

627 3450 759 3499 Plin.
797 3451 867 3498 N.
888 3451 960 3498 H.
999 3451 1050 3496 V
1076 3452 1141 3511 2.)

699 3543 746 3602 2)
784 3541 864 3587 De
901 3538 1141 3603 Apolline
1177 3540 1229 3587 in
1266 3541 1578 3589 Acarnaniae
1613 3541 1957 3605 promontorio
1994 3539 2145 3597 culto,
2167 3539 2281 3588 vide
2303 3539 2470 3589 Strab.
2497 3540 2607 3588 VII
2628 3551 2750 3603 325.
2771 3542 2829 3588 X
2851 3548 2961 3603 451.

629 3629 787 3678 Clem.
808 3629 971 3685 Alex„
1010 3630 1171 3677 Protr.
1211 3630 1263 3675 II
1302 3642 1388 3691 39.
1444 3630 1596 3679 Paus.
1635 3630 1772 3678 VIII
1811 3628 1857 3687 8,
1905 3642 1982 3678 12.
2039 3626 2101 3678 L.
2142 3617 2368 3693 Heuzey‚
2406 3629 2453 3677 le
2490 3635 2633 3678 mont
2672 3629 2883 3694 Olympe
2915 3634 2963 3674 et

628 3718 849 3766 l'Acarn.
886 3733 972 3781 pp.
1011 3716 1113 3779 386
1153 3733 1227 3780 sq.

697 3810 777 3855 De
818 3805 1147 3859 Ἀπόλλωνι
1188 3800 1468 3878 Asvuoitq.
1507 3808 1621 3856 vide
1656 3808 1854 3858 Aelian.
1894 3810 1956 3857 de
1995 3817 2096 3857 nat.
2136 3810 2287 3859 anim.
2325 3809 2385 3856 X
2427 3807 2507 3857 18.
2544 3807 2714 3857 Strab.
2753 3809 2812 3856 X
2848 3816 2957 3870 452·

630 3899 782 3950 Phot.
838 3918 877 3951 s,
916 3919 963 3950 v.
1020 3896 1343 3970 Λευκάτης.
1399 3902 1558 3952 Thuc.
1613 3904 1696 3951 III
1754 3917 1892 3967 94‚2.
1949 3903 2248 3952 Plutarchus
2287 3903 2497 3967 (Pomp.
2539 3898 2629 3969 24)
2668 3900 2956 3951 coniunctim

631 3996 973 4053 Ἀπόλλωνα
1014 3997 1114 4051 τὸν
1154 3995 1216 4051 ἐν
1258 3997 1477 4072 Ἀκτίῳ
1521 3994 1616 4050 καὶ
1666 3993 1938 4053 Λευκάδι
1981 4006 2356 4048 commemorat.

700 4094 755 4154 3)
795 4093 873 4142 Cf.
914 4094 1133 4159 Hesych.
1173 4112 1212 4146 s.
1251 4113 1298 4145 v·
1337 4094 1575 4168 Ζωστήρ
1631 4094 1809 4158 Steph.
1847 4096 1972 4158 Byz.
2010 4111 2049 4145 S.
2090 4110 2132 4141 v.
2173 4092 2411 4166 Ζωστήρ
2448 4101 2499 4142 et
2539 4090 2782 4167 Τέγυρα.
2819 4092 2954 4137 Paus-

627 4188 653 4234 Ι
711 4199 850 4248 31,1.
905 4188 1098 4238 Callim.
1136 4191 1195 4239 fr.
1233 4206 1415 4240 annon.
1457 4190 1556 4251 89a
1577 4191 1675 4251 (ed.
1713 4189 2034 4252 Schneider.).
2075 4189 2249 4238 Italiae
2286 4204 2430 4236 mons
2469 4188 2677 4252 quidam
2716 4181 2957 4255 Ζωσιήρ,

632 4275 977 4335 Ἀπόλλωνι
1031 4286 1342 4359 Ζωστηρὶῳ
1398 4292 1708 4333 consecratus
1759 4292 2059 4332 memoratur
2096 4283 2231 4347 apud
2269 4285 2440 4333 TzetZ.
2460 4283 2524 4330 ad
2542 4281 2792 4348 Lycophr.
2818 4275 2957 4338 1278.

700 4379 751 4440 4)
790 4378 869 4427 Cf.
908 4378 1129 4442 Hesych.
1169 4396 1209 4428 s.
1247 4397 1292 4428 v,
1336 4377 1670 4450 ς’Υμη’ττιος.
