3144 5114
1671 527 1715 593 6

521 737 977 810 Graecorum
1027 760 1327 832 quoque
1385 735 1653 834 mythis
1683 735 1938 809 ritibus
1969 735 2575 832 caerimoniisque
2604 735 2863 810 divinis

520 861 764 934 lucem
825 861 1069 934 afferri
1124 887 1346 957 posse
1400 887 1833 958 persuasum
1888 862 2192 935 haberet
2229 858 2299 961 1).

631 988 821 1060 Utut
874 1000 999 1074 est,
1056 987 1232 1059 illud
1287 1013 1425 1083 pro
1483 1001 1683 1060 certo
1740 1001 2025 1060 constat
2080 1012 2231 1073 nos,
2287 988 2349 1060 si
2412 986 2863 1084 singularum

525 1112 910 1208 regionum
969 1113 1326 1186 Graeciae
1382 1113 1675 1211 mythos
1733 1113 2118 1209 cultusque
2174 1127 2513 1186 accurate
2539 1138 2864 1208 perscru-

522 1251 779 1322 temur,
864 1237 1092 1310 multa
1174 1251 1589 1333 reperturos
1672 1263 1832 1310 esse
1894 1238 2489 1333 superstitionum
2546 1237 2867 1334 vestigia,

525 1389 715 1459 quae
770 1362 940 1436 inde
995 1389 1039 1435 a
1067 1363 1569 1436 remotissimis
1598 1364 2052 1459 temporibus
2082 1389 2317 1459 usque
2345 1365 2439 1436 ad
2470 1377 2865 1437 extremam

523 1488 1018 1585 paganitatem
1103 1488 1370 1561 intacta
1451 1489 1945 1562 remanserint.
2000 1489 2238 1562 Anxie
2293 1489 2485 1562 enim
2545 1489 2866 1562 civitates

496 1613 851 1685 ¹instituta
905 1638 1130 1700 sacra,
1186 1640 1377 1708 quae
1432 1640 1476 1687 a
1533 1614 1932 1687 maioribus
1987 1628 2438 1710 acceperant,
2493 1640 2868 1688 conserva-

527 1742 740 1826 bant;
796 1766 884 1812 ea
939 1754 1395 1813 commutare
1451 1754 1579 1813 aut
1640 1740 1913 1813 violare
1967 1766 2339 1813 summum
2396 1740 2598 1813 nefas
2652 1740 2867 1813 habe-

525 1869 740 1939 batur
774 1862 844 1965 2).

635 1992 922 2084 Quibus
979 1993 1073 2065 de
1128 1992 1367 2065 causis
1421 1991 1812 2087 postremis
1870 1991 2073 2064 annis
2130 1991 2263 2064 viri
2320 1992 2518 2064 docti
2577 1993 2868 2064 Immer-

526 2117 724 2191 wahr
786 2115 836 2217 3)
950 2117 1172 2190 Wide
1233 2114 1284 2217 4)
1395 2117 1681 2190 Farnell
1744 2115 1794 2216 ⁵)
1896 2119 2204 2213 Gruppe
2264 2113 2315 2217 6)
2415 2118 2865 2214 singularum

527 2242 913 2339 regionum
1000 2256 1071 2315 et
1153 2242 1525 2315 civitatum
1612 2242 1848 2315 cultus
1933 2242 2375 2340 mythosque
2440 2242 2868 2337 conquirere

528 2368 769 2440 conati
852 2381 1037 2455 sunt,
1120 2367 1399 2440 ratione
1477 2367 1729 2440 habita
1809 2368 2161 2455 locorum,
2244 2367 2371 2440 ubi
2427 2368 2575 2441 nati
2631 2378 2866 2465 essent

529 2493 783 2580 cultus,
838 2493 966 2566 ubi
1022 2492 1452 2580 floruissent,
1508 2518 1861 2589 quorsum
1920 2492 2168 2567 diffusi
2225 2506 2480 2567 essent.
2538 2495 2653 2567 Re
2699 2516 2865 2566 vera

526 2619 728 2692 hisce
801 2619 1060 2692 studiis
1135 2619 1410 2714 optime
1468 2619 1703 2692 meriti
1758 2634 1928 2692 sunt
1983 2620 2077 2692 de
2133 2619 2531 2716 disciplinis
2588 2618 2865 2717 mytho-

529 2745 788 2842 logicis
845 2760 916 2818 et
969 2744 1743 2841 historico-religiosis3
1783 2770 1951 2817 nam
1984 2745 2862 2818 firmum-fundamentum

530 2871 614 2944 iis
669 2873 1242 2944 substruxerunt.
1299 2871 1586 2963 Quodsi
1643 2896 1896 2943 eorum
1953 2871 2210 2944 studiis
2274 2871 2486 2967 plura
2514 2870 2866 2943 eiusdem-

532 2997 734 3068 modi
781 2997 1234 3083 accesserint,
1262 2998 1609 3070 succedet
1637 2988 1942 3070 fortasSe
1970 2997 2363 3092 aliquando
2392 2997 2550 3069 viro
2579 3018 2866 3069 summo

530 3122 801 3219 ingenii
858 3123 1195 3195 acumine
1248 3110 1603 3219 praedito',
1650 3123 1952 3195 materia
1978 3123 2098 3195 illa
2124 3124 2312 3195 bene
2341 3122 2627 3219 digesta
2654 3135 2869 3216 atque

608 3339 657 3401 1)
696 3339 775 3386 Cf.
814 3341 881 3385 A.
920 3339 1076 3400 Lang,
1116 3337 1282 3402 Myth.
1322 3338 1465 3386 ritual
1501 3338 1602 3385 and
1641 3338 1776 3401 relig.
1815 3339 1841 3384 I
1883 3337 1981 3385 262
2022 3354 2130 3401 sqq.
2171 3346 2221 3386 et
2257 3338 2377 3385 alibi
2413 3339 2614 3401 passim.

605 3428 657 3490 2)
697 3428 890 3491 Operae
944 3428 1157 3491 pretium
1213 3435 1289 3475 est
1343 3435 1562 3475 accurate
1598 3428 1908 3491 perscrutari,
1947 3444 2074 3491 quae
2113 3436 2301 3476 veteres
2338 3428 2437 3491 ipsi
2472 3428 2535 3474 de
2573 3427 2866 3475 Graecorum

529 3517 762 3581 peculiari
797 3517 1153 3564 consuetudine
1187 3517 1268 3579 pie
1306 3517 1534 3564 servandi
1570 3519 1760 3580 patrios
1798 3517 1973 3576 cultus,
2012 3518 2280 3565 memoriae
2317 3516 2656 3580 prodiderunt.
2694 3516 2767 3564 K.
2807 3516 2868 3565 F.

531 3607 852 3654 Hermannus
907 3590 1140 3669 pleraque
1197 3606 1492 3662 testimonia,
1533 3621 1662 3669 quae
1696 3606 1796 3654 huc
1832 3607 2094 3669 pertinent,
2133 3606 2274 3653 brevi
2313 3607 2362 3653 in
2398 3614 2668 3669 conspectu
2705 3605 2870 3670 posuit

532 3697 582 3743 in
622 3695 818 3758 egregio
855 3695 1000 3751 libro,
1039 3695 1124 3757 qui
1161 3694 1442 3743 inscribitur
1478 3695 1664 3745 Lehrb.
1704 3696 1753 3743 d.
1794 3696 1992 3744 Griech.
2030 3696 2208 3758 Antiq.
2250 3700 2323 3742 2⁴²¹·
2371 3694 2469 3743 Th.
2492 3711 2541 3759 p.
2572 3709 2621 3757 4.
2642 3697 2796 3743 Anm.
2820 3694 2866 3742 8.

533 3785 609 3833 Cf.
646 3791 898 3848 praeterea
934 3787 1002 3831 A.
1043 3785 1201 3846 Lang,
1240 3784 1316 3832 M.
1355 3801 1393 3831 r.
1433 3784 1533 3832 and
1569 3801 1608 3832 r.
1646 3786 1701 3831 II
1746 3783 1838 3848 165
1881 3793 1930 3833 et
1966 3786 2028 3833 P.
2066 3785 2286 3847 Stengel,
2326 3784 2535 3835 Handb.
2572 3785 2621 3832 d.
2644 3784 2736 3832 Kl.
2762 3783 2868 3835 Alt.

530 3890 577 3921 v.
616 3875 705 3921 Dr.
744 3875 786 3921 I.
824 3890 871 3925 v.
909 3873 1138 3921 Mueller.
1178 3874 1296 3921 B.V
1332 3856 1507 3937 Abtlg.
1547 3887 1575 3936 3
1616 3891 1667 3938 p.
1689 3887 1738 3936 9.

604 3964 654 4024 3)
692 3963 784 4013 W.
823 3959 1166 4021 Immerw'ahr,
1206 3963 1304 4009 Die
1341 3963 1503 4012 Kulte
1540 3964 1644 4011 und
1680 3964 1895 4027 Mythen
1933 3962 2233 4012 Arkadiens.
2281 3962 2433 4025 1891.

603 4052 658 4119 4)
693 4052 813 4101 Sam
850 4053 1025 4109 Wide,
1064 4052 1380 4100 Lakonische
1416 4052 1596 4104 Kulte.
1640 4051 1789 4115 1893.

606 4145 654 4206 5)
693 4145 753 4191 L.
791 4145 863 4190 R.
901 4141 1116 4200 Famell,
1155 4140 1266 4189 The
1303 4141 1426 4189 cults
1464 4143 1523 4189 of
1554 4141 1639 4189 the
1676 4141 1843 4190 Greek
1879 4150 2032 4190 states
2077 4142 2225 4203 1896.
2283 4142 2402 4191 Vol.
2440 4142 2523 4189 III
2560 4143 2784 4190 nondum
2821 4142 2871 4189 in

531 4232 691 4280 lucem
730 4232 966 4279 emissum
1004 4236 1096 4279 est.

604 4318 659 4387 ὁ)
718 4321 780 4369 ο.
839 4321 1060 4384 Gruppe,
1119 4318 1314 4368 Griech.
1370 4318 1538 4383 Myth.
1578 4321 1682 4367 und
1720 4320 1838 4368 Rel.
1877 4303 2044 4383 ges'ch.
2079 4320 2289 4368 Handb.
2329 4320 2379 4370 d.
2418 4320 2509 4367 Kl.
2546 4320 2656 4369 Alt.
2695 4336 2742 4369 v.
2780 4320 2870 4367 Dr.

533 4411 573 4457 1.
614 4426 660 4457 v.
700 4411 775 4456 M.
815 4410 877 4462 Β,
898 4410 966 4457 V.
1007 4409 1127 4457 Abt.
1154 4422 1181 4455 2
1221 4409 1293 4455 H.
1323 4421 1365 4458 1.
1411 4408 1560 4469 1897.
