3144 5114
1507 506 1605 562 20

377 703 571 775 clare
625 726 980 798 apparere
1033 702 1356 798 putabat,
1412 702 1597 775 inter
1652 702 1902 776 Iovem
1960 700 2393 800 Olympium
2423 715 2495 776 et
2524 727 2727 776 mon-

375 839 523 901 tem
582 828 988 925 Olympum
1045 826 1166 900 vix
1221 826 1627 923 quidquam
1685 827 2123 902 discriminis
2178 854 2356 902 esse.
2385 829 2724 905 Creuzeri

375 954 603 1026 verba
654 952 838 1026 haec
902 964 1071 1025 sunt
1107 949 1194 1049 ¹):
1258 954 1464 1026 «Das
1523 954 1783 1049 Haupt
1838 954 1969 1027 des
2026 955 2301 1051 Berges
2362 979 2512 1026 war
2564 955 2723 1027 also

367 1078 687 1175 Jupiters
772 1079 1076 1173 Haupt»
1114 1134 1130 1150 .
1158 1135 1173 1150 .
1204 1134 1218 1150 .
1247 1135 1262 1150 .
1353 1079 1503 1151 «Es
1584 1080 1739 1175 gab
1818 1078 1980 1152 eine
2052 1078 2363 1152 Ansicht
2415 1078 2722 1152 wonach

375 1204 508 1277 der
587 1204 954 1301 Olympos
992 1213 999 1219 ’
1037 1203 1206 1275 dem
1293 1202 1657 1277 Griechen
1740 1205 1926 1277 eben
1982 1228 2068 1278 so
2122 1204 2313 1277 wohl
2368 1203 2482 1277 ein
2541 1205 2727 1278 Gott

372 1354 538 1415 war,
618 1328 765 1402 wie
845 1329 978 1402 der
1060 1330 1258 1425 Berg
1310 1331 1610 1426 Argaus
1665 1329 1809 1402 den
1866 1328 2443 1426 Cappadociern.
2501 1330 2577 1402 N
2582 1328 2721 1402 ach

371 1454 671 1528 solchen
754 1454 1315 1551 Vorstellungen
1397 1454 1689 1528 werden
1770 1454 2044 1552 heilige
2109 1456 2349 1552 Berge
2402 1480 2571 1526 zum
2627 1454 2724 1526 le-

371 1579 742 1676 bendigen
808 1580 960 1652 und
1016 1579 1820 1676 lebendigmachenden
1878 1581 2061 1653 Gott
2113 1580 2369 1653 selber.
2452 1581 2532 1651 In
2589 1580 2724 1652 der

373 1704 937 1778 Sternenschrift
992 1705 1123 1778 des
1181 1705 1549 1779 Himmels
1603 1704 1698 1779 'ist
1752 1706 1886 1778 das
1941 1690 2148 1783 erste
2188 1708 2455 1780 Gesetz
2498 1731 2722 1803 gege-

371 1832 534 1903 ben.
592 1832 751 1904 Das
806 1830 1056 1904 zweite
1112 1832 1379 1904 Gesetz
1433 1830 1615 1905 wird
1667 1832 2009 1928 gegeben
2039 1830 2165 1904 auf
2192 1832 2323 1905 des
2351 1831 2722 1929 Olympus

374 1955 667 2052 Gipfel»
697 1981 765 2028 u.
784 1981 837 2030 s.
856 1982 939 2029 w.
969 1957 1066 2028 Et
1094 1956 1266 2029 alibi
1296 1957 1495 2053 apud
1525 1956 1844 2030 eundem
1874 1956 2189 2054 legimus
2215 1953 2302 2056 2);
2331 1956 2725 2053 «Juppiter‚

371 2082 505 2154 der
584 2095 799 2154 natur
882 2080 1065 2154 Leib
1146 2083 1299 2154 und
1376 2083 1626 2155 Leben
1683 2082 1972 2155 thronet
2027 2082 2227 2156 nicht
2280 2095 2463 2156 etwa
2515 2082 2723 2154 bloss

371 2207 498 2280 auf
542 2207 714 2281 den
790 2206 1083 2294 Hohen,
1146 2207 1464 2281 sondern
1522 2233 1601 2281 er
1655 2207 1854 2281 ward
1911 2207 1982 2279 in
2041 2208 2183 2281 den
2242 2209 2723 2282 Stammesre-

367 2312 692 2429 ligionen
776 2333 908 2405 der
961 2332 1526 2406 verschiedenen
1584 2329 1866 2419 'Gauen‚
1922 2334 2027 2406 als
2085 2334 2161 2406 N
2167 2332 2494 2419 aturleib,
2547 2357 2720 2404 zum

368 2456 687 2554 heiligen
745 2459 984 2555 Berge
1038 2457 1339 2532 selber.»
1404 2459 1616 2531 Haec
1674 2458 1922 2532 omnia
1977 2484 2200 2553 quam
2259 2458 2505 2554 inepta
2557 2456 2723 2545 sint,

370 2609 590 2657 nemo
645 2608 793 2664 non
848 2584 1082 2670 videt;
1137 2597 1306 2658 sunt
1359 2583 1693 2680 profecto
1752 2585 2115 2658 Creuzero
2160 2584 2404 2682 digna,
2441 2583 2724 2679 quippe

372 2707 500 2804 qui
582 2723 810 2782 artem
895 2707 1220 2782 criticam
1305 2723 1526 2804 atque
1610 2709 1965 2783 rationem
2021 2708 2442 2783 historicam
2497 2708 2724 2803 plane

371 2859 722 2929 respuens
777 2833 995 2907 etiam
1053 2833 1194 2907 alia
1247 2834 1447 2906 haud
1503 2859 1744 2929 pauca
1798 2847 2218 2908 commenta
2243 2846 2724 2930 praepostera

370 2973 442 3032 et
496 2959 802 3032 ridicula
856 2958 1130 3054 scripto
1188 2959 1659 3046 mandaverit,
1716 2962 2200 3055 quamobrem
2232 2986 2277 3033 a
2306 2957 2722 3033 recentiori-

369 3086 510 3157 bus
567 3084 987 3182 mythorum
1047 3083 1559 3180 interpretibus
1616 3084 1773 3158 iure
1828 3084 2171 3190 explosus
2226 3098 2335 3158 est
2369 3079 2438 3182 3).

478 3211 773 3282 Praeter
806 3209 950 3282 hoc
988 3223 1232 3282 autem
1264 3210 1791 3283 documentum
1821 3236 1912 3283 ex
1941 3209 2278 3283 Homero
2309 3207 2724 3304 repetitum,

371 3335 576 3430 quod
631 3334 831 3406 nihili
896 3347 1022 3421 est,
1077 3334 1275 3407 nulla
1328 3348 1514 3420 sunt,
1570 3337 1774 3430 quod
1830 3335 2080 3422 sciam,
2133 3335 2296 3407 talis
2353 3333 2720 3408 montium

370 3459 608 3532 cultus
663 3459 862 3555 apud
919 3461 1248 3533 Graecos
1303 3473 1502 3532 certa
1530 3460 1881 3555 exempla.
1914 3459 2168 3532 Nihilo
2196 3472 2440 3532 tamen
2472 3457 2723 3533 minus

369 3583 871 3657 remotissimis
926 3584 1384 3679 temporibus
1439 3610 1517 3657 re
1571 3610 1745 3658 vera
1800 3586 1999 3680 apud
2056 3610 2184 3658 eos
2240 3583 2435 3656 illam
2464 3608 2723 3679 super-

367 3709 733 3783 stitionem
817 3708 1169 3782 exstitisse
1248 3708 1450 3781 haud
1534 3709 1992 3806 negaverim3
2076 3709 2305 3781 immo
2388 3708 2541 3784 eius
2608 3709 2721 3782 rei

446 3870 495 3936 1)
533 3871 619 3919 Fr.
659 3870 885 3928 Creuzer,
925 3869 1103 3933 Symb.
1141 3885 1190 3917 u.
1211 3885 1280 3918 m.
1301 3869 1352 3919 d.
1391 3868 1473 3919 alt.
1513 3869 1669 3919 Volk.
1709 3870 1815 3919 beS.
1853 3869 1905 3917 d.
1945 3870 2029 3918 Gr.
2053 3870 2075 3902 ²
2111 3870 2165 3917 Π
2207 3880 2325 3933 535.

438 3960 626 4007 Veram
663 3966 714 4007 et
750 3958 1020 4006 dilucidam
1057 3957 1206 4007 huius
1241 3957 1340 4007 loci
1359 3959 1818 4022 interpretationem
1839 3959 2080 4020 debemus
2101 3960 2173 4007 K.
2197 3959 2268 4007 H.
2293 3958 2385 4007 W.
2408 3954 2718 4018 Voelcker0‚

368 4050 578 4097 Homer.
618 4048 800 4111 Geogr.
837 4064 886 4097 u.
925 4046 1121 4096 Weltk.
1161 4060 1191 4108 9
1231 4063 1308 4111 sq.

440 4138 494 4200 2)
534 4137 710 4186 CreuZ.
750 4137 805 4184 II
845 4147 962 4201 757.

438 4230 488 4289 3)
528 4226 605 4275 Cf.
661 4228 706 4291 J.
764 4227 834 4277 H.
882 4228 1036 4286 VOSS,
1085 4225 1488 4290 Antisymbolik.
1530 4226 1588 4274 C.
1635 4226 1699 4276 O.
1737 4225 1966 4283 Mueller,
2006 4225 2143 4274 Prol.
2182 4241 2244 4274 zu
2282 4225 2380 4276 ein.
2418 4222 2722 4276 wissensch.

365 4315 529 4380 Myth.
570 4329 668 4379 331
712 4332 822 4380 sqq.
863 4317 926 4366 G.
964 4317 1241 4373 Hermann,
1276 4317 1433 4366 Uber.
1456 4316 1506 4366 d.
1527 4315 1722 4364 Wesen
1762 4332 1814 4365 u.
1851 4316 1900 4362 d.
1944 4314 2276 4378 Behandlung
2309 4316 2359 4363 d.
2381 4312 2548 4379 Myth.
2570 4314 2730 4366 Brief

365 4421 429 4453 an
468 4405 695 4456 Creuzer.
