3144 5114
1498 491 1595 558 86

367 695 749 784 utilissima
821 696 1235 769 observavit
1292 709 1380 771 'et
1452 698 1637 771 haec
1693 698 1788 771 de
1854 697 2100 773 crudis
2155 696 2288 771 illis
2343 696 2727 771 sacrificiis

369 820 709 894 humanis
763 821 1036 917 scripto
1094 821 1448 894 madavit:
1513 824 1623 895 »It
1678 830 1871 896 must
1898 824 1993 895 be
2031 822 2536 895 remembered
2563 821 2727 895 that

368 946 501 1033 the
550 946 814 1019 cruder
866 946 1015 1019 and
1070 945 1318 1019 wilder
1370 945 1739 1021 sacrifices
1794 947 1941 1021 and
1979 946 2285 1044 legends
2322 946 2401 1020 of
2437 948 2727 1021 Greece

370 1094 560 1145 were
630 1070 958 1167 stricktly
1021 1071 1244 1157 local;
1303 1073 1460 1144 that
1513 1072 1689 1169 they
1743 1096 1931 1145 were
1967 1072 2327 1147 attached
2381 1085 2460 1143 to
2515 1070 2727 1145 these

372 1194 661 1269 ancient
739 1195 1068 1292 templeS,
1151 1196 1276 1269 old
1358 1197 1579 1274 altars
1609 1252 1807 1274 .....
1870 1196 1941 1269 in
2015 1194 2248 1269 which
2322 1195 2728 1268 Pausanias

373 1320 604 1394 found
685 1321 809 1393 the
893 1335 1084 1394 most
1166 1321 1452 1395 ancient
1533 1321 1743 1394 relics
1816 1320 1894 1394 of
1958 1320 2295 1394 Hellenic
2350 1320 2729 1417 theology.

370 1444 550 1518 This
632 1444 691 1518 is
765 1471 808 1517 a
862 1444 1082 1541 proof
1135 1445 1214 1517 of
1266 1446 1451 1518 their
1505 1445 1884 1542 antiquity
1919 1447 2065 1518 and
2122 1471 2167 1517 a
2219 1444 2729 1540 presumption

374 1569 447 1641 in
503 1568 764 1643 favour
818 1570 897 1643 of
950 1570 1136 1644 their
1190 1570 1517 1644 freedom
1576 1570 1766 1643 from
1815 1569 2101 1667 foreign
2140 1569 2501 1643 influence
2529 1625 2731 1642 .....

378 1696 457 1766 In
521 1694 664 1767 this
718 1709 1061 1791 stagnant
1115 1695 1490 1768 condition
1546 1695 1672 1768 the
1726 1695 1926 1792 early
1983 1697 2263 1768 Greeks
2318 1694 2539 1767 could
2595 1708 2731 1766 not

375 1819 563 1892 have
645 1821 861 1893 made
942 1820 1469 1914 acquaintance
1548 1819 1717 1893 With
1799 1821 1923 1893 the
2007 1846 2227 1916 many
2309 1820 2562 1892 creeds
2645 1818 2731 1890 of

377 1943 675 2017 Semitic
749 1945 895 2016 and
970 1945 1178 2018 other
1232 1943 1417 2017 alien
1473 1944 1776 2040 peoples
1832 1970 1929 2016 on
1985 1945 2107 2016 the
2159 1944 2415 2016 shores
2471 1942 2550 2015 of
2600 1943 2731 2015 the

380 2070 723 2141 Levant.»
786 2068 900 2165 (A.
959 2070 1189 2166 Lang,
1246 2070 1459 2165 Myth
1516 2068 1625 2142 rit.
1680 2095 1740 2141 a.
1795 2068 1915 2142 rel.
1973 2070 2023 2153 Ι,
2087 2069 2279 2166 262).

483 2194 869 2287 Postremo
952 2193 1140 2279 loco,
1193 2219 1285 2266 ne
1344 2193 1571 2266 ullum
1629 2192 2164 2290 argumentum,
2219 2193 2424 2287 quod
2481 2190 2731 2265 afferri

378 2330 620 2412 potest
684 2318 780 2389 ad
835 2319 1485 2390 demonstrandum
1544 2343 1623 2391 re
1677 2343 1852 2390 vera
1906 2344 1951 2390 a
1991 2318 2297 2392 *Semitis
2356 2328 2730 2389 mutuatos

379 2466 541 2514 esse
596 2443 923 2515 Graecos
980 2467 1259 2515 morem
1317 2443 1499 2515 deos
1554 2442 1626 2513 in
1654 2442 1834 2516 locis
1863 2441 2075 2515 editis
2105 2440 2411 2527 colendi,
2439 2440 2730 2514 silentio

376 2565 968 2661 praetermittam,
1004 2567 1260 2664 paucis
1289 2567 1749 2641 referendum
1790 2581 1916 2654 est,
1946 2567 2212 2640 multos
2240 2566 2436 2639 viros
2464 2567 2735 2640 doctos

379 2690 451 2762 in
507 2670 804 2764 numine
854 2703 1093 2786 Κρόνῳ,
1132 2692 1276 2786 qui,
1333 2706 1413 2764 ut
1482 2719 1708 2789 supra
1762 2690 2501 2765 commemoravimus
2529 2688 2598 2786 ¹),
2654 2691 2733 2763 in

383 2814 692 2886 collibus
745 2815 1171 2910 praesertim
1228 2817 1676 2890 venerationi
1715 2816 1867 2902 fuit,
1897 2841 2300 2913 agnoscere
2328 2815 2470 2889 sibi
2499 2815 2739 2888 videri

382 2938 739 3011 Punicum
797 2941 1019 3013 deum
1083 2940 1479 3014 «Moloch»
1513 2939 1584 3039 2).
1640 2943 1761 3014 De
1789 2940 1996 3014 cuius
2026 2955 2269 3014 autem
2299 2939 2416 3013 dei
2448 2939 2740 3036 origine

384 3088 470 3135 ac
542 3063 842 3159 propria
912 3064 1465 3161 significatione,
1520 3091 1690 3138 cum
1747 3065 1819 3137 in
1875 3064 2374 3161 superioribus
2430 3064 2739 3160 copiose

387 3187 869 3283 exposuerim,
968 3189 1148 3283 quid
1228 3190 1591 3276 sentirem,
1671 3189 1990 3263 sufficiet
2072 3189 2248 3261 mihi
2329 3190 2473 3262 hoc
2560 3188 2738 3261 loco

386 3326 668 3384 tantum
725 3312 801 3385 id
858 3339 1085 3386 unum
1142 3314 1214 3386 in
1273 3315 1704 3388 memoriam
1764 3339 2129 3400 revocare,
2158 3339 2278 3386 me
2324 3321 2567 3401 Κρόνον
2593 3338 2739 3407 pro

384 3436 709 3533 genuino
784 3438 927 3510 deo
1003 3439 1312 3525 Graeco,
1359 3445 1460 3505 Διί
1505 3438 1645 3535 ipsi
1702 3437 2060 3511 consimili
2115 3451 2187 3511 et
2242 3435 2540 3509 minime
2593 3461 2740 3532 pro

389 3560 686 3633 numine
741 3563 1065 3655 quodam
1124 3589 1169 3635 a
1224 3563 1716 3637 Phoenicibus
1772 3576 2078 3658 accepto
2132 3562 2421 3635 habere.

493 3685 704 3778 Quae
788 3711 954 3758 cum
1039 3686 1140 3759 ita
1219 3687 1378 3773 sint,
1460 3688 1901 3782 cuicumque
1965 3686 2188 3759 iudici
2272 3710 2510 3780 aequo
2585 3685 2741 3758 iam

390 3810 858 3905 perspicuum
943 3836 1101 3883 esse
1183 3812 1514 3884 existimo
1572 3812 1772 3908 apud
1830 3814 2157 3886 Graecos
2214 3835 2493 3882 morem
2552 3810 2745 3884 deos

391 3934 462 4005 in
544 3934 915 4008 montibus
999 3934 1450 4030 clivibusque
1518 3936 1821 4039 ⁸colendi
1905 3936 2075 4008 inde
2104 3938 2177 4007 'a
2233 3933 2746 4037 remotissimis

467 4090 485 4123 1
554 4077 631 4125 Cf.
746 4114 756 4125 .
831 4090 864 4124 0
901 4094 924 4125 s
999 4113 1011 4126 .

462 4077 515 4228 2))
547 4167 628 4215 De
662 4093 761 4231 ἕξει
797 4088 848 4214 ΞΘ
885 4094 999 4214 viil}
1036 4167 1350 4216 Prell.-R0b.
1389 4168 1476 4216 Gr.
1521 4166 1772 4231 Myth.⁴1
1795 4178 1877 4230 51.
1940 4141 2182 4229 Bottiger‚
2206 4163 2541 4228 Kunstmyth.
2562 4165 2589 4211 1
2613 4177 2743 4226 222,

388 4265 510 4316 372.
546 4255 717 4319 Sayee,
757 4256 1024 4320 Contemp.
1064 4257 1196 4305 Rev.
1244 4256 1391 4319 1883.
1469 4257 1724 4304 Diodorus
1762 4255 1957 4305 Siculus
1979 4256 2117 4318 (XX
2145 4257 2225 4319 14)
2246 4253 2475 4328 Κρόνον
2513 4252 2613 4302 iam
2639 4255 2749 4305 deo

387 4348 585 4396 cuidam
623 4351 816 4398 Punico
852 4350 1167 4400 assimilavit.
