3144 5114
1547 505 1651 572 oo

425 722 795 794 perpauca
867 710 1147 769 tantum
1225 697 1522 795 cognita
1575 697 1969 784 habemus;
2044 698 2499 795 temporibus
2554 698 2777 774 helle-

428 821 697 896 nisticis
791 836 1046 896 contra
1130 849 1402 919 magno
1485 822 1556 896 in
1640 822 1923 895 honore
2006 822 2227 897 fuisse
2302 830 2558 910 (Ἥλιον,
2631 848 2775 920 pro

429 960 629 1020 certo
694 960 979 1020 constat
1013 944 1082 1046 ¹).
1138 948 1563 1022 Cavendum
1620 962 1865 1051 tamen
1922 960 2048 1034 est,
2105 974 2197 1022 ne
2249 948 2419 1021 hinc
2476 947 2776 1045 colliga-

429 1097 591 1146 mus
663 1071 1190 1167 posterioribus
1263 1072 1560 1146 demum
1621 1072 2079 1169 temporibus
2135 1073 2332 1146 hunc
2389 1074 2611 1146 deum
2671 1073 2773 1146 ad

429 1196 779 1271 maiorem
837 1197 1207 1292 quandam
1265 1197 1767 1271 auctoritatem
1827 1197 2260 1294 pervenisse.
2311 1199 2540 1271 Haud
2594 1223 2775 1294 pau-

430 1346 560 1395 cae
641 1322 833 1395 enim
915 1336 1084 1396 sunt
1145 1322 1712 1419 superstitiones,
1770 1349 1961 1417 quae
2014 1324 2170 1397 sine
2226 1323 2455 1396 dubio
2511 1322 2777 1419 priscis

426 1447 883 1553 temporibus
938 1447 1358 1535 floruerunt,
1412 1447 1680 1521 deinde
1734 1460 1977 1521 tamen
2008 1474 2140 1544 per
2167 1449 2474 1546 longum
2505 1473 2773 1521 aevum

430 1573 636 1668 quasi
720 1572 1113 1646 exstinctae
1194 1572 1416 1646 fuisse
1498 1586 1570 1646 et
1652 1586 1886 1646 aetate
1969 1574 2268 1647 demum
2314 1572 2777 1648 hellenistica

430 1723 680 1772 rursus
764 1697 1105 1772 revixisse
1182 1697 1537 1771 videntur.
1618 1700 1837 1772 Tales
1920 1713 2163 1773 autem
2221 1697 2776 1795 superstitiones

429 1825 629 1920 apud
684 1824 975 1920 plebem
1033 1849 1434 1919 numquam
1493 1849 1797 1921 prorsus
1852 1802 2266 1912 evanuisse,
2306 1825 2439 1898 sed
2495 1825 2775 1898 lentam

427 1948 729 2023 traxisse
810 1948 1031 2021 vitam
1114 1974 1247 2046 per
1329 1974 1417 2022 ea
1478 1950 1789 2036 saecula,
1866 1949 2133 2044 quibus
2189 1950 2496 2023 deorum
2554 1942 2779 2023 subii·
2865 2041 2870 2046 .

432 2074 745 2148 miorum
838 2075 1303 2148 veneratione
1395 2075 1996 2172 opprimerentur,
2079 2074 2230 2149 veri
2314 2089 2423 2148 est
2502 2073 2777 2159 similli-

432 2225 654 2272 mum.
735 2201 920 2275 Cum
1004 2200 1226 2297 igitur
1306 2199 1569 2274 horum
1627 2203 1936 2274 deorum
1995 2199 2386 2274 auctoritas
2441 2214 2779 2295 tempore

429 2325 875 2398 hellenistico
953 2325 1190 2423 magis
1272 2326 1657 2424 magisque
1730 2325 2298 2411 imminueretur,
2378 2324 2600 2421 prisci
2674 2322 2778 2396 illi

432 2450 669 2523 cultus
750 2451 993 2524 denuo
1077 2450 1149 2523 in
1233 2451 1612 2525 clariorem
1695 2452 1934 2524 lucem
2019 2449 2315 2547 prodire
2379 2463 2782 2546 potuerunt

431 2590 503 2648 et
575 2601 651 2648 re
723 2601 896 2650 vera
965 2577 1394 2674 prodierunt
1429 2575 1498 2675 2).
1575 2579 1856 2653 Eadem
1933 2576 2210 2649 ratione
2283 2575 2557 2649 factum
2614 2600 2783 2648 esse

432 2700 784 2788 existimO,
867 2716 946 2775 ut
1020 2708 1248 2784 εἭλιος
1312 2728 1611 2798 quoque
1667 2701 2185 2797 antiquissimis
2241 2700 2539 2797 quidem
2597 2713 2780 2773 tem-

430 2825 734 2923 poribus
816 2852 948 2923 per
1028 2841 1257 2900 totam
1344 2826 1732 2902 Graeciam
1826 2825 2271 2900 venerationi
2355 2838 2561 2911 esset,
2641 2826 2781 2899 sed

509 3195 559 3258 1)
596 3195 678 3244 Cf.
715 3195 788 3245 H.
826 3194 1041 3257 Usener,
1081 3195 1309 3244 Gottern.
1348 3206 1470 3257 341.
1506 3194 1569 3245 F.
1610 3194 1672 3244 G.
1715 3192 1970 3253 Welcker,
2008 3194 2093 3243 Gr.
2133 3193 2343 3242 Gotterl.
2379 3193 2407 3240 1
2445 3203 2568 3255 413.

506 3286 555 3346 2)
593 3284 812 3348 Cognitu
850 3285 1138 3347 dignissima
1175 3292 1306 3341 sunt,
1345 3299 1473 3348 quae
1510 3283 1606 3333 hac
1643 3284 1706 3332 de
1743 3299 1794 3331 re
1813 3283 2007 3331 monuit
2032 3284 2106 3330 vir
2131 3282 2307 3331 doctus
2333 3281 2402 3330 D.
2423 3281 2483 3332 C.
2505 3279 2784 3344 Hesseling

432 3375 484 3422 in
533 3373 674 3431 libro,
722 3374 809 3438 qui
857 3374 1140 3422 inscribitur
1180 3372 1423 3431 „Charos,
1457 3374 1536 3421 ein
1575 3373 1776 3436 Beitrag
1810 3389 1894 3420 zur
1930 3371 2216 3420 Kenntniss
2252 3372 2343 3420 des
2380 3385 2549 3434 neugr.
2589 3368 2784 3418 Volks-

432 3463 702 3527 glaubens''
733 3479 786 3528 p.
812 3478 871 3526 4:
933 3464 1018 3526 „in
1053 3464 1143 3512 der
1178 3462 1493 3527 Mythologie
1530 3461 1624 3511 soll
1660 3478 1778 3510 man
1815 3460 2095 3525 uberhaupt
2131 3462 2225 3509 mit
2264 3459 2492 3509 Glauben
2528 3458 2632 3507 und
2668 3459 2784 3508 Un-

431 3554 642 3616 glauben
678 3553 791 3601 sehr
826 3552 1096 3615 vorsichtig
1126 3553 1230 3600 sein
1268 3552 1372 3600 und
1410 3552 1561 3600 vieles
1598 3567 1704 3601 was
1742 3552 1794 3599 in
1831 3551 1919 3598 der
1955 3552 2204 3599 Literatur
2233 3549 2371 3598 nicht
2398 3546 2784 3597 nachzuweisen

432 3644 497 3691 ist
532 3642 667 3691 kann
703 3643 786 3690 die
813 3640 1183 3706 Jahrhunderte
1218 3640 1462 3690 hindurch
1500 3642 1570 3689 im
1610 3639 1994 3703 Volksglauben
2032 3639 2198 3703 gelebt
2235 3637 2455 3688 haben.”

505 3735 555 3793 3)
604 3731 684 3781 Cf.
720 3732 783 3780 F.
822 3731 883 3780 G.
923 3729 1179 3788 Welcker,
1220 3731 1305 3779 Gr.
1345 3730 1554 3779 Gotterl.
1593 3730 1620 3777 Ι
1658 3741 1791 3792 413:
1835 3745 1955 3792 „vor
1990 3729 2106 3777 dem
2145 3727 2520 3777 Christenthum
2554 3726 2679 3775 iiber
2698 3726 2787 3775 ein

427 3821 762 3885 Jahrtausend
809 3818 993 3868 zurtick
1036 3818 1171 3867 hatte
1208 3818 1313 3868 sich
1351 3819 1433 3867 die
1472 3818 1715 3882 Religion
1753 3835 1812 3867 so
1847 3817 2078 3881 gestaltet
2122 3818 2237 3866 dass
2277 3816 2355 3865 ihr
2392 3814 2656 3879 eigentlich
2695 3816 2786 3867 die

434 3910 894 3971 Sonnenanbetung
930 3907 1068 3956 nicht
1103 3908 1243 3956 mehr
1278 3913 1472 3971 gemass
1509 3909 1662 3958 war.”
1702 3908 1900 3956 Eodem
1939 3907 2152 3956 tendunt
2181 3907 2332 3955 verba
2350 3905 2403 3955 S.
2433 3904 2614 3964 Widii,
2648 3905 2786 3959 Lak.

437 3998 595 4048 Kulte
630 4015 680 4063 p.
721 4008 848 4059 217:
903 4012 991 4056 „es
1028 3997 1093 4046 ist
1128 3998 1319 4046 erlaubt
1355 3997 1720 4055 anzunehmen‚
1773 3997 1888 4045 dass
1926 3997 2036 4044 eine
2072 3996 2223 4044 altere
2255 3992 2657 4053 volkerschiche
2696 3995 2787 4046 die

437 4087 767 4146 „titanische”
819 4085 1167 4149 Bevolkerung
1215 4087 1337 4135 oder
1388 4085 1629 4135 vielmehr
1670 4087 1750 4136 die
1806 4086 1996 4145 Aioler,
2046 4085 2146 4134 den
2184 4084 2317 4133 Kult
2352 4084 2442 4132 des
2478 4082 2661 4132 Helios
2699 4100 2787 4148 ge-

432 4177 586 4241 pflegt
623 4177 771 4234 hat;”
811 4192 1112 4241 quamquam
1151 4177 1382 4240 equidem
1421 4192 1525 4225 non
1561 4176 1771 4225 multam
1810 4175 2127 4223 tribuendam
2155 4189 2267 4223 esse
2290 4172 2444 4222 fidem
2469 4181 2593 4237 puto
2619 4175 2792 4223 nomi-

432 4267 595 4325 nibus,
634 4266 816 4330 quibus
856 4265 1015 4315 Wide
1054 4272 1304 4330 nuncupat
1344 4266 1527 4330 priscas
1565 4265 1674 4314 illas
1713 4264 1962 4314 Laconiae
2000 4272 2187 4328 genteS,
2224 4264 2287 4312 de
2311 4263 2490 4328 quibus
2515 4263 2596 4310 vix
2633 4263 2786 4328 quid-

436 4372 585 4420 quam
624 4356 878 4419 cognitum
918 4354 1183 4406 habemus.
