3144 5114
1773 512 1872 583 30

752 707 906 782 Sed
962 706 1145 781 inter
1198 718 1308 780 tot
1359 705 1799 804 scriptorum
1857 719 2183 780 veterum
2241 704 2336 779 de
2374 714 2475 775 Διί
2520 704 2595 777 in
2625 703 2975 778 montibus

648 834 845 907 culto
902 832 1334 920 testimonia,
1388 832 1616 931 digna
1670 830 2029 929 imprimis
2083 842 2270 917 sunt,
2324 830 2420 903 de
2475 830 2744 926 quibus
2770 829 2973 927 paulo

648 957 1057 1032 accuratius
1086 972 1348 1056 agatur
1376 983 1481 1044 ea,
1511 983 1702 1054 quae
1729 958 1825 1031 de
1869 967 1970 1028 Διί
2010 967 2271 1052 Λυκαίῳ
2292 955 2622 1029 Arcadio
2651 942 2793 1029 deo
2822 980 2976 1051 cog-

648 1085 798 1158 nita
877 1084 1253 1157 habemus.
1339 1085 1539 1156 Nam
1625 1082 1697 1155 in
1754 1083 1878 1155 illo
1935 1082 2136 1156 cultu
2191 1093 2614 1178 pervetusto
2678 1079 2976 1154 dilucide

648 1208 1161 1307 conspicimuS,
1203 1207 1484 1304 quibus
1539 1207 2000 1282 caerimoniis
2039 1207 2443 1303 ritibusque
2471 1205 2735 1280 divinis
2765 1230 2976 1279 remo-

646 1335 941 1410 tissimis
1021 1333 1477 1430 temporibus
1559 1335 1742 1407 deos
1816 1333 1889 1405 in
1964 1332 2272 1407 summis
2329 1331 2701 1405 montibus
2756 1331 2978 1405 colere

648 1461 841 1535 soliti
930 1460 1072 1534 sint
1180 1459 1463 1534 Graeci.
1548 1459 1804 1533 Rudes
1886 1458 2081 1532 enim
2165 1456 2565 1553 incultique
2645 1456 2980 1541 Arcades

651 1591 1073 1677 προσελήυαιοι
1142 1584 1259 1671 illi,
1332 1583 1460 1680 qui
1517 1584 1890 1658 montibus
1945 1585 2474 1679 undecumque·
2520 1579 2981 1665 circumclusi,

650 1737 694 1783 a
775 1709 1221 1784 commercio
1323 1734 1491 1782 curn
1579 1709 1874 1805 reliquis
1956 1708 2259 1785 Graecis
2342 1707 2689 1805 prohibiti
2773 1718 2980 1791 erant,

648 1836 1058 1933 priscorum
1118 1861 1407 1909 morum
1464 1835 1772 1932 vestigia
1826 1835 2230 1909 diutissime
2285 1833 2750 1907 retinuerunt.
2821 1822 2827 1829 ’

756 1961 1157 2035 Videamus
1210 1960 1451 2058 igitur,
1507 1961 1688 2056 quid
1743 1961 2134 2058 scriptores
2189 1973 2469 2034 veteres
2506 1960 2601 2032 de
2637 1959 2761 2031 illo
2800 1957 2980 2031 cultu

655 2100 1255 2179 commemorent.

757 2214 1123 2309 Supremo
1196 2211 1283 2283 *in
1367 2210 1638 2284 vertice
1720 2211 1987 2285 montis
2060 2221 2345 2284 Λυκαίου
2389 2209 2544 2284 sive
2590 2216 2914 2298 Ὀλύμπου
2938 2202 2981 2305 1)

651 2338 974 2410 tumulus
1056 2336 1357 2433 quidam
1441 2362 1578 2432 pro
1662 2362 1788 2409 ara
1852 2349 1996 2419 Διὸς
2042 2358 2154 2407 τοῦ
2199 2344 2485 2406 Λυκαίου
2559 2347 2731 2407 erat.
2804 2335 2984 2406 Ante

652 2488 856 2535 aram
912 2464 1106 2535 duae
1162 2476 1367 2535 erant
1422 2461 1856 2535 constitutae
1910 2460 2315 2547 columnae,
2372 2459 2468 2533 ad
2523 2459 2699 2533 solis
2756 2472 2982 2532 ortum

653 2613 1066 2675 conversae,
1156 2588 1227 2659 in
1321 2588 1590 2683 quibus
1673 2587 1960 2683 aquilae
2041 2587 2415 2660 inauratae
2477 2586 2902 2660 insistebant
2924 2580 2985 2680 2).

650 2714 900 2787 Aedes
982 2714 1180 2788 nulla
1260 2728 1448 2798 erat;
1531 2714 1675 2786 deo
1731 2713 1953 2810 igitur
2007 2712 2311 2809 pristino
2369 2737 2576 2801 more
2629 2712 2771 2784 sub
2826 2709 2985 2782 divo

651 2864 860 2912 sacra
922 2838 1304 2911 faciebant.

761 2963 1142 3049 HomineS‚
1170 2964 1606 3060 plerumque
1634 2989 1921 3060 pueros,
1950 2976 2031 3035 ut
2056 2962 2344 3035 videtur
2360 2958 2431 3060 3),
2460 2975 2559 3035 Διὶ
2582 2973 2845 3058 Λυκαίῳ
2873 2959 2988 3031 im-

655 3088 1045 3161 molabant.
1067 3090 1240 3162 Hoc
1259 3088 1701 3162 sacrificium
1724 3088 2042 3161 immane
2062 3101 2283 3183 atque
2302 3086 2556 3173 ferum,
2569 3087 2775 3181 quod
2787 3083 2989 3157 nobis

652 3215 1100 3286 documento
1157 3225 1285 3300 est,
1340 3216 1669 3288 Graecos
1724 3213 2225 3287 remotissimis
2282 3211 2740 3308 temporibus
2770 3235 2990 3308 popu-

651 3338 737 3412 lis
810 3338 1097 3411 incultis
1175 3353 1248 3411 et
1327 3338 1844 3412 semibarbaris
1925 3338 2125 3410 haud
2200 3337 2618 3434 superiores
2675 3335 2901 3410 fuisse
2926 3329 2989 3432 ¹¹),

734 3571 778 3622 1)
815 3562 968 3610 PauS.
1005 3560 1143 3609 VIII
1180 3560 1319 3622 38,2.

728 3660 777 3711 2)
813 3651 962 3698 Paus.
1002 3649 1140 3698 VIII
1179 3649 1320 3711 38,7.

726 3740 781 3801 3)
830 3741 982 3788 Paus.
1030 3738 1165 3786 VIII
1206 3749 1307 3799 2,3.
1346 3737 1511 3785 Varro
1549 3736 1683 3801 apud
1720 3739 1937 3799 August.
1975 3736 2039 3783 de
2077 3735 2136 3787 C.
2174 3737 2242 3786 D.
2281 3736 2496 3794 XVIII,
2543 3745 2625 3797 17.
2662 3736 2799 3786 Plin.
2821 3737 2889 3785 N.
2926 3733 2988 3783 H.

653 3828 791 3876 VIII
829 3827 914 3877 82.
955 3827 1033 3876 Cf.
1071 3825 1426 3883 Wachsmuth‚
1465 3825 1688 3875 Alterth.
1725 3826 1781 3872 ΙΙ
1821 3837 1868 3883 2,
1911 3837 2012 3888 224
2050 3841 2161 3889 sqq.

726 3919 777 3980 4)
814 3917 893 3967 Cf.
931 3916 1158 3964 Andrew
1196 3916 1353 3978 Lang,
1393 3913 1561 3979 Myth.
1601 3915 1682 3964 rit.
1718 3931 1765 3964 a.
1801 3914 1889 3964 rel.
1926 3914 1953 3961 I
1991 3914 2178 3978 Chapt.
2212 3915 2316 3964 IX.

725 4006 1015 4054 Robertson
1067 4004 1250 4062 Smith‚
1308 4005 1434 4054 Enc.
1490 4004 1619 4054 Brit.
1656 4003 1776 4053 Vol.
1814 4004 1962 4051 XXI
1998 4019 2051 4067 p.
2109 4002 2206 4066 136
2245 4020 2286 4053 s.
2306 4020 2354 4053 v.
2395 4001 2679 4068 „sacrifice”
2719 4004 2819 4053 hac
2853 4005 2915 4052 de
2946 4016 2993 4049 re

652 4094 778 4144 haec
811 4095 993 4144 habet:
1035 4096 1108 4152 „it
1144 4110 1256 4158 may
1292 4094 1356 4141 be
1393 4094 1643 4155 congrued
1681 4091 1788 4140 that
1826 4092 1909 4140 the
1945 4091 2134 4140 human
2171 4091 2412 4141 sacrifices
2433 4091 2623 4140 offered
2654 4100 2710 4141 to
2744 4093 2832 4143 the
2860 4090 2994 4141 wolf·

655 4186 783 4232 Zeus
838 4185 1102 4248 (Lycaeus)
1159 4185 1209 4230 in
1261 4182 1480 4231 Arcadia
1516 4197 1651 4230 were
1693 4181 1954 4244 originally
1996 4181 2228 4230 cannibal
2274 4178 2463 4230 feasts’'
2500 4182 2620 4245 („of
2648 4198 2679 4230 a
2716 4180 2989 4232 wolftribe''

653 4273 797 4322 addit
847 4274 924 4321 vir
977 4273 1170 4334 doctus,
1226 4273 1304 4320 cui
1340 4272 1597 4336 proprIum
1650 4279 1727 4319 est
1763 4286 1921 4333 usque
1958 4285 2153 4335 quaque
2192 4271 2465 4319 totemismi
2504 4273 2716 4334 vestigia
2754 4273 2992 4335 detegisse

655 4363 750 4411 sibi
788 4363 985 4426 videri.)
