3144 5114
1619 532 1712 600 70

491 719 982 794 Britomartim
1040 721 1328 795 infiteor
1381 721 1597 798 etiam
1658 722 2072 822 Dictynnae
2126 722 2419 796 nomine
2446 748 2580 819 per
2612 725 2827 796 urbes

490 846 748 919 Cretae
830 845 1099 920 cultam
1175 846 1457 922 fuisse.»
1534 852 1648 924 Re
1702 875 1876 924 vera
1929 848 2220 944 saepius
2276 848 2827 922 confunduntur

488 952 669 1043 haec
754 970 1087 1058 numina;
1152 972 1417 1046 etenim
1495 975 1874 1048 Diodorus
1931 973 2223 1048 Siculus
2280 974 2370 1070 <V
2435 973 2576 1070 76),
2650 975 2826 1045 Pau-

486 1095 725 1179 sanias
781 1094 873 1195 (ΙΙ
943 1120 1058 1186 30,
1127 1098 1217 1195 3),
1300 1098 1787 1173 Callimachus
1862 1100 2166 1196 (Hymn.
2223 1098 2293 1171 in
2362 1097 2575 1171 Dian.
2646 1099 2824 1193 187),

489 1222 756 1294 Strabo
812 1221 908 1318 (X
945 1222 1128 1321 479)
1185 1223 1602 1298 Cretensem
1652 1223 1874 1297 fuisse
1913 1223 2359 1321 Dictynnam
2400 1235 2826 1307 asseverant,

488 1370 622 1418 nec
679 1370 825 1418 non
881 1347 998 1419 alii
1055 1347 1292 1444 (Paus.
1324 1350 1424 1420 ΙΙΙ
1475 1373 1669 1441 24‚9
1727 1351 1800 1421 X
1835 1355 1951 1434 26,
1990 1372 2050 1442 5.
2107 1347 2325 1422 Arist.
2384 1350 2567 1421 Ran.
2610 1372 2693 1438 13
2709 1357 2824 1445 59)

492 1471 931 1543 mentionem
989 1471 1263 1549 faciunt
1308 1481 1674 1567 Ἀρτέμιδος
1720 1485 2083 1556 Δικτύννας.

596 1596 746 1669 Sed
802 1578 964 1668 utut
1017 1596 1156 1670 hae
1212 1622 1326 1670 res
1381 1622 1541 1671 sese
1595 1598 1884 1683 habent,
1942 1596 2017 1670 id
2075 1598 2403 1671 omnium
2472 1612 2544 1672 et
2601 1597 2825 1670 Brito-

491 1719 738 1793 martis
803 1733 874 1794 et
931 1721 1344 1819 Dictynnae
1400 1723 1727 1796 cultuum
1786 1748 2180 1796 commune
2234 1737 2361 1810 est,
2415 1724 2512 1796 ad
2567 1723 2821 1796 horum

489 1846 796 1918 deorum
853 1848 1392 1920 venerationem
1450 1848 1605 1921 sive
1659 1849 1882 1920 sacris
1920 1848 2395 1921 sollemnibus
2450 1848 2602 1922 sive
2655 1862 2823 1922 tem-

488 1970 777 2067 plorum
862 1971 1338 2057 dedicatione,
1421 1972 1591 2070 eligi
1665 1998 1956 2068 semper
2010 1973 2175 2046 loca
2230 1972 2533 2047 excelsa.
2589 1974 2822 2067 Quam

488 2121 642 2169 rem
697 2096 1029 2191 pluribus
1086 2096 1228 2170 iam
1288 2097 1810 2170 demonstrabo
1868 2098 2235 2194 exemplis.

596 2223 710 2293 Ex
792 2222 1048 2295 Cretae
1104 2223 1609 2318 promontorio
1669 2222 1887 2295 Dicte
1941 2223 2072 2297 sivi
2133 2224 2445 2297 Dictaeo
2503 2223 2573 2295 in
2632 2249 2824 2297 mare

487 2345 865 2420 desiluisse
964 2346 1330 2421 ferebatur
1415 2347 1887 2434 Britomartis,
1989 2363 2068 2421 ut
2152 2348 2498 2435 Minoem,
2580 2373 2825 2422 amore

488 2471 860 2544 incensum
918 2497 997 2545 se
1052 2471 1480 2560 insecutum,
1517 2473 1895 2571 effugeret.
1953 2474 2131 2547 Inde
2159 2473 2230 2546 in
2259 2499 2554 2547 summo
2585 2487 2826 2546 monte

487 2597 552 2668 ei
608 2597 961 2693 templum
1000 2611 1240 2693 *atque
1296 2624 1422 2672 ara
1477 2613 1681 2671 erant
1735 2613 2161 2673 consecrata
2194 2596 2265 2698 1).

595 2734 788 2815 Ἱερὸν
835 2734 1242 2795 Λικτύνναιον
1289 2750 1332 2795 a
1391 2724 1742 2821 Cydoniis
1800 2725 1868 2796 in
1929 2738 2176 2798 monte
2211 2725 2468 2822 Tityro
2500 2724 2826 2797 aedifica-

488 2860 644 2920 tum
705 2861 1151 2920 memoratur
1207 2850 1407 2945 apud
1465 2851 1903 2922 Strabonem
1963 2850 2059 2947 (X
2115 2851 2317 2948 479).

531 2948 541 2960 ⁸
595 2974 716 3045 De
790 2971 1165 3069 Dictynna
1228 2973 1299 3046 in
1357 2975 1865 3070 promontorio
1922 3000 2156 3071 prope
2214 2974 2641 3061 Gutheium,
2699 2976 2827 3046 La-

486 3097 787 3172 conicae
860 3100 1138 3184 urbem,
1194 3099 1388 3172 culta
1441 3098 1624 3172 haec
1680 3100 1902 3172 habet
1958 3099 2356 3173 Pausanias
2413 3098 2539 3196 (ΙΙΙ
2606 3099 2826 3197 24,9):

489 3227 657 3307 Πρὸς
719 3220 1007 3307 θαλάσσῃ
1055 3221 1116 3285 δὲ
1164 3225 1263 3286 ἔπι
1310 3224 1498 3307 ἄκρας
1545 3226 1689 3296 ναός
1735 3226 1858 3286 ἐστι
1908 3228 2247 3307 Δικτύννης
2292 3222 2678 3334 Αρτέιιιδος,
2732 3224 2830 3284 καί

486 3358 540 3395 Ol
588 3335 750 3395 κατὰ
775 3329 930 3406 ἔτος
972 3330 1230 3397 ἕκαστον
1276 3334 1487 3417 ἑορτὴν
1536 3332 1769 3412 ἄγουσι.

593 3441 1025 3521 Praesertim
1118 3442 1451 3539 Aeginae
1543 3442 1824 3516 incolae
1906 3416 2371 3516 veneratione
2443 3468 2828 3538 proseque-

485 3569 750 3640 bantur
804 3567 1039 3653 deam‚
1096 3594 1285 3662 quae
1341 3570 1540 3665 apud
1580 3594 1725 3654 ,eos
1769 3577 2048 3658 Ἀφαίας
2095 3568 2392 3641 nomine
2438 3568 2826 3642 colebatur.

487 3694 606 3765 De
689 3718 838 3788 quo
924 3693 1220 3765 numine
1301 3694 1483 3766 haec
1538 3694 1761 3767 habet
1817 3693 2216 3766 Pausanias
2272 3694 2363 3791 (ΙΙ
2425 3694 2652 3792 3o,3):
2721 3707 2830 3764 Ἐν

485 3819 715 3902 Αἰγίνῃ
753 3817 816 3879 δὲ
855 3821 1005 3949 1πρὸς
1046 3822 1114 3879 τὸ
1161 3819 1292 3900 ὄρος
1332 3832 1443 3881 τοῦ
1469 3817 1901 3900 Πανελληνίου
1943 3822 2086 3891 Λιος
2124 3821 2315 3882 ἰοῦσίν
2354 3820 2517 3881 ἔστιν
2555 3819 2831 3900 Ἀφαίας

486 3928 657 4009 ἱερόν,
712 3928 768 4000 ἐς
829 3926 904 4009 ἣν
966 3931 1065 3989 καὶ
1128 3926 1438 4010 Πίνδαρος
1485 3923 1652 4012 ᾆσμα
1712 3929 2080 4010 Αἰγινηταις
2126 3929 2385 4010 ἐποίησε.
2455 3932 2617 3990 Φασὶ
2665 3927 2727 3990 δὲ
2779 3929 2832 3990 οἱ

485 4042 740 4119 Κρητες,
804 4062 1048 4108 τουτοις
1097 4038 1213 4118 γάρ
1260 4037 1383 4097 ἔστι
1434 4040 1513 4099 τὰ
1562 4038 1620 4109 ἐς
1666 4041 1864 4119 αὐτὴν
1912 4037 2220 4120 ἐπιχώρια,
2269 4040 2676 4122 Καριιάνορος
2723 4050 2832 4100 τοῦ

485 4147 874 4226 καθηραντος
940 4143 1332 4208 Ἀπόλλωνα
1389 4147 1488 4208 ἐπὶ
1550 4147 1717 4232 φόιῳ
1766 4159 1853 4232 τῷ
1904 4148 2220 4218 Πύθωνος
2268 4144 2464 4207 παῖδα
2512 4144 2832 4231 Εὔβουλον

565 4292 615 4354 1)
653 4290 736 4339 Cf.
774 4290 987 4350 Callim.,
1028 4292 1220 4355 Hymn.
1263 4291 1313 4338 in
1353 4290 1503 4338 Dian.
1535 4301 1627 4353 197
1672 4306 1745 4355 sq.
1785 4292 1900 4353 (Ed.
1942 4290 2196 4352 Schneid.)
2233 4291 2398 4341 Strab.
2436 4291 2494 4337 X
2521 4301 2626 4354 479
2646 4298 2696 4340 et
2715 4290 2832 4355 484.

487 4382 640 4430 Paus,
678 4380 733 4426 II
771 4391 913 4442 30‚3.
