3144 5114
1678 523 1773 589 26

463 811 467 815 ,
551 744 763 805 antea
844 730 1215 806 exstitisse.
1294 732 1643 806 Attamen
1728 731 1872 805 iam
1946 731 2240 828 saepius
2293 757 2587 805 summo
2644 732 2804 806 iure
2861 759 2901 806 a

550 857 720 931 viris
774 857 1012 931 doctis
1048 853 1099 950 ¹)
1157 859 1627 932 observatum
1685 870 1812 945 est,
1869 883 2124 931 omnes
2163 857 2318 931 illas
2346 858 2900 954 superstitiones

549 982 992 1069 humiliores,
1047 1008 1170 1056 eas
1226 983 1415 1069 dico,
1471 1009 1663 1078 quae
1719 984 1814 1056 ad
1871 985 2217 1056 arborum
2255 983 2584 1080 lapidum
2627 983 2901 1058 anima-

547 1108 724 1180 lium
808 1109 1256 1182 daemonum
1331 1107 1756 1181 inferiorum
1815 1109 2089 1182 cultum
2146 1108 2524 1205 pertinent,
2580 1135 2898 1205 quarum

549 1233 857 1331 vestigia
910 1258 1076 1320 non,
1130 1233 1267 1307 nisi
1307 1245 1543 1306 aetate
1584 1233 2059 1307 Hellenistica
2096 1234 2498 1330 conspicua
2532 1248 2720 1322 sunt,
2751 1234 2899 1308 iam

549 1359 719 1431 inde
801 1385 845 1431 a
926 1358 1181 1455 priscis
1263 1358 1721 1454 temporibus
1803 1358 2173 1432 exstitisse.
2259 1361 2594 1432 Deorum
2678 1359 2901 1434 subli-

552 1484 866 1557 miorum
923 1483 1369 1557 venerationi
1425 1484 1952 1580 pedetemptim
2010 1498 2384 1557 cesserunt
2440 1476 2761 1579 quidem,
2822 1499 2902 1558 ut

547 1636 680 1706 per
732 1611 1039 1706 longum
1098 1635 1359 1682 aevum
1399 1610 1616 1706 plane
1653 1609 2048 1683 exstinctae
2085 1635 2244 1683 esse
2271 1609 2726 1696 viderentur;
2765 1611 2900 1684 sed

549 1749 824 1831 postea,
879 1761 1049 1808 cum
1107 1735 1267 1831 ipsa
1321 1735 1630 1808 deorum
1686 1735 2197 1809 sublimiorum
2238 1734 2630 1809 auctoritas
2661 1735 2902 1833 magis

552 1860 935 1958 magisque
1044 1860 1613 1947 imminueretur,
1706 1859 2253 1956 antiquissimae
2343 1860 2902 1956 superstitiones

548 2012 799 2060 rursus
883 1986 954 2058 in
1030 1986 1410 2059 clariorem
1479 1986 1719 2059 lucem
1776 1985 2222 2082 prodierunt.
2305 1986 2516 2078 Quae
2571 2011 2743 2059 cum
2805 1986 2906 2059 ita

547 2112 707 2198 sint,
736 2111 1035 2185 minime
1063 2111 1527 2185 temerarium
1561 2111 1736 2184 mihi
1766 2111 2054 2189 videtur
2074 2112 2515 2185 contendere
2536 2111 2902 2184 montium

548 2262 848 2331 quoque
904 2237 1431 2323 adorationem,
1488 2262 1711 2333 quam
1769 2262 1936 2323 non,
1975 2236 2110 2310 nisi
2140 2235 2705 2310 emonumentis
2734 2263 2905 2333 pos—

549 2362 833 2436 terioris
925 2362 1178 2436 aetatis
1269 2362 1778 2459 cognovimUS,
1874 2362 2130 2458 priscis
2213 2361 2357 2435 iam
2440 2362 2906 2458 temporibus

550 2487 902 2562 floruisse.
956 2488 1184 2584 Apud
1242 2489 1570 2563 Graecos
1610 2487 1832 2585 igitur
1861 2488 2256 2584 aliquando
2287 2487 2902 2562 consuetudinem

552 2627 836 2687 montes
891 2627 1268 2709 tamquam
1326 2613 1574 2687 fetissa
1610 2614 2005 2687 venerandi
2036 2613 2375 2687 usitatam
2407 2613 2648 2699 fuisse,
2678 2614 2906 2688 variis

549 2739 1009 2813 documentis
1064 2739 1492 2835 probavisse
1550 2739 1727 2811 mihi
1784 2739 2056 2826 videor,
2104 2765 2554 2835 quamquam
2585 2739 2904 2813 huiusce

550 2865 651 2937 rei
709 2865 1061 2960 exempla,
1117 2864 1322 2959 quod
1377 2864 1628 2950 sciam,
1684 2864 2142 2961 temporibus
2196 2864 2559 2938 historicis
2616 2878 2909 2939 exstant

551 2990 764 3062 nulla.
848 2992 1181 3062 Deorum
1265 3003 1523 3062 contra
1604 2990 1842 3062 cultus
1908 2990 1980 3061 in
2038 2989 2212 3086 ipsis
2270 2989 2630 3062 montium
2689 3015 2910 3063 cacu-

553 3114 870 3187 minibus
925 3128 1075 3186 tam
1132 3115 1610 3211 pervulgatus
1667 3115 1801 3187 fuit
1857 3129 1929 3188 et
1982 3129 2091 3188 tot
2146 3130 2530 3188 auctorum
2578 3114 2909 3188 testimo—

551 3240 687 3312 niis
743 3239 1237 3326 confirmatur,
1293 3254 1373 3312 ut
1428 3265 1698 3336 operae
1753 3240 2066 3337 pretium
2115 3241 2207 3314 sit
2233 3242 2455 3337 paulo
2485 3240 2912 3314 accuratius

551 3364 931 3460 inquirere,
988 3365 1286 3460 quinam
1343 3365 1611 3438 fuerint
1662 3366 1737 3438 hi
1786 3365 1905 3439 dei
1963 3366 2383 3462 quibusque
2434 3365 2914 3439 caerimoniis

551 3490 623 3561 in
678 3488 858 3563 locis
913 3490 1124 3563 editis
1179 3490 1351 3564 culti
1406 3491 1563 3564 sint.

630 3760 679 3821 Ι)
719 3759 797 3807 Cf.
834 3757 1156 3817 Mannhardt‚
1189 3758 1367 3807 Wald-
1388 3759 1492 3807 und
1511 3758 1694 3809 Feldk.
1725 3759 1779 3806 II
1806 3772 1923 3821 209.
1945 3760 2009 3809 E.
2030 3761 2102 3809 H.
2124 3761 2318 3825 Meyer,
2338 3759 2519 3823 Indog.
2538 3758 2705 3824 Myth.
2728 3761 2758 3807 I
2790 3775 2914 3814 102.
