3144 5114
1383 535 1478 604 37

293 741 731 815 pervetustus.
817 731 1016 802 Nam
1076 729 1192 802 ille
1248 754 1547 825 quoque
1603 731 1787 803 deus
1842 729 1913 802 in
1973 745 2221 804 monte
2276 733 2602 827 quodam

291 844 733 949 Thesprotiae
789 854 1088 928 oracula
1141 853 1459 928 edidisse
1513 855 1821 928 videtur.
1876 856 2291 954 Aeschylus
2346 858 2600 930 saltem

294 967 576 1068 loquitur
648 981 742 1053 de
815 980 1100 1053 excelsa
1173 979 1516 1067 Dodona,
1590 980 1717 1053 ubi
1792 981 2170 1053 oraculum
2245 983 2605 1077 sedesque

297 1108 388 1168 est
441 1110 802 1197 Θεσπρωτοῦ
862 1116 1004 1191 Διός
1037 1101 1124 1206 1);
1186 1130 1332 1196 ,ηερ
1388 1131 1535 1178 non
1593 1107 1857 1179 eodem
1914 1107 2212 1179 tendere
2267 1107 2607 1180 videntur

298 1245 383 1312 ea,
429 1258 603 1327 quae
649 1235 918 1308 Strabo
956 1233 1050 1305 de
1080 1231 1356 1305 oraculi
1393 1232 1535 1305 situ
1574 1245 2141 1305 commemorat:
2171 1231 2366 1330 (VIII
2410 1232 2606 1331 328),

371 1354 451 1418 ‘H
487 1358 755 1441 Δωδώνη
803 1359 1012 1421 τοίνυν
1062 1361 1131 1420 τὸ
1176 1359 1286 1438 μὲν
1335 1354 1606 1420 παλαιὸν
1654 1360 1779 1420 ὑπὸ
1825 1358 2212 1438 Θεσπρωτοῖς
2257 1352 2331 1438 ἦν
2376 1362 2477 1420 καὶ
2532 1362 2603 1421 τὸ

298 1462 464 1545 ὄρθςὸ
504 1479 777 1560 Τόμαρος
818 1477 855 1559 ἢ
900 1478 1160 1559 Τμάρος,
1201 1473 1304 1556 ὑφ’
1349 1469 1398 1536 ὦ
1447 1487 1638 1537 κεῖται
1680 1478 1750 1537 τὸ
1797 1475 1967 1558 ἱερόν.
2021 1467 2096 1538 N
2104 1492 2222 1539 arn
2245 1466 2604 1554 Welcker,

298 1598 432 1658 mea
479 1592 772 1688 quidem
828 1590 1198 1677 sententia,
1254 1590 1655 1664 rectissime
1693 1590 2125 1677 observavit,
2163 1593 2601 1665 Strabonem

287 1694 455 1784 hisce
506 1717 749 1791 verbis
806 1742 1020 1815 usum
1079 1742 1238 1790 esse
1293 1717 1389 1789 ad
1446 1715 1941 1803 indicandum,
1998 1717 2219 1788 deum
2279 1716 2350 1788 in
2408 1717 2610 1792 clivo

279 1839 538 1929 montis,
591 1842 794 1915 haud
850 1842 922 1914 in
978 1866 1273 1915 summo
1329 1841 1603 1914 vertice
1656 1840 1934 1914 cultum
1993 1841 2215 1915 fuisse
2254 1838 2322 1941 2).
2390 1844 2603 1915 Prae-

267 1950 445 2031 terea
536 1967 681 2040 huc
766 1992 1067 2063 quoque
1158 1966 1434 2040 faciunt
1525 1966 1798 2039 Iliadis-
1860 1992 2115 2040 versus
2206 1967 2599 2041 notissimi:
2703 2058 2708 2062 .

249 2057 339 2149 (Π
386 2105 544 2177 232
605 2094 756 2192 sq.).

571 2258 694 2317 Ζεῦ
743 2255 921 2330 fava,
968 2252 1314 2329 Δωδωναῖε,
1364 2250 1727 2330 Πελασγικὲ,
1776 2250 2000 2335 τηλόθι
2046 2254 2252 2330 ναίων,

326 2426 335 2432 ,
569 2361 877 2445 Δωδώνης
922 2361 1150 2443 μεδέων
1196 2361 1577 2446 δυσχειμέρου
1625 2387 1678 2424 κ.
1708 2387 1761 2423 τ.
1789 2359 1842 2424 λ.

234 2468 325 2594 {lbi
401 2499 850 2583 Zenodotus
906 2533 1042 2607 pro
1099 2515 1482 2603 δυσχειμέρου
1533 2506 1823 2605 scripsit
1873 2512 2313 2590 πολυπίδακος.
2379 2509 2601 2595 Nam,

224 2581 370 2676 hcet
451 2630 541 2707 hi
596 2661 850 2709 versus
907 2636 1003 2708 ad
1055 2633 1477 2707 Thessaliae
1528 2634 1809 2706 'cultum
1869 2635 2259 2729 quendam,
2306 2634 2400 2706 de
2448 2658 2636 2728 quo

217 2726 534 2834 prQQY-Qr
614 2760 797 2834 haec
881 2759 1056 2832 nihil
1113 2759 1492 2857 cognitum
1548 2759 1930 2846 habemus,
1986 2757 2345 2855 pertinere
2400 2758 2596 2830 vide-

239 2884 489 2973 mmm
558 2887 976 2959 Zenodotus
1058 2899 1323 2971 tamen,
1407 2910 1571 2957 mea
1652 2884 1953 2979 quidem
2037 2883 2409 2970 sententia,
2466 2907 2595 2955 eos

272 3026 353 3105 ad
421 3011 898 3108 Thesprotiae
971 3012 1248 3083 cultum
1325 3009 1596 3083 rettulit
1660 3023 1754 3090 et,
1788 3011 1884 3082 ob
1943 3009 2018 3082 id
2073 3009 2336 3105 ipsum,
2392 3007 2597 3103 quod

274 3160 506 3212 vocem
581 3144 963 3229 δυσχειμέρου
1035 3135 1207 3208 huic
1292 3135 1518 3208 cultui
1603 3160 1749 3207 non
1834 3133 2225 3207 convenire
2290 3147 2597 3230 putaret,

277 3258 544 3333 alteram
599 3260 985 3334 lectionem
1037 3267 1463 3343 πολυπίδακος
1503 3258 1905 3357 proposuit.
1987 3260 2194 3356 Ergo
2242 3257 2596 3331 Zenodoti

275 3386 597 3459 sententia
661 3386 780 3459 dei
837 3385 1230 3458 Dodonaei
1286 3409 1576 3458 sacrum
1645 3384 1715 3457 in
1773 3397 2021 3457 monte
2076 3383 2295 3457 situm
2354 3382 2596 3469 fuisse,

273 3530 599 3604 perquam
655 3509 1043 3584 verisimile
1098 3511 1294 3582 duco
1322 3507 1392 3610 3).

340 3632 559 3711 Variis
590 3636 812 3734 igitur
839 3635 1189 3732 exemplis
1219 3636 1759 3709 demonstrasse
1789 3634 1964 3708 mihi
1993 3633 2267 3721 videor,
2290 3631 2595 3708 Graecis

338 3820 378 3881 ι)
410 3823 640 3889 Aeschyl.
678 3824 847 3884 Prom,
889 3822 992 3886 830
1030 3838 1106 3887 sq.
1146 3821 1247 3892 τήν
1287 3822 1613 3877 αἰπύνωτόν
1655 3820 1835 3894 τάμᾳὶ
1882 3820 2182 3892 Δωδώνην,
2241 3819 2334 3874 ἵνα

1135 3919 1374 3990 μαντεῖα
1413 3915 1611 3980 θῶκός
1655 3921 1701 3973 τ’
1728 3915 1849 3973 ἐστὶ
1899 3921 2250 3992 Θεσπρωτοῦ
2292 3908 2453 3977 Διός-

330 4008 484 4060 Etiam
521 4015 572 4062 in
607 4014 924 4080 Supplicibus
962 4031 1034 4063 vs.
1063 4029 1103 4092 ‘2
1112 4026 1174 4080 53
1220 4010 1322 4088 ὅρη
1365 4014 1687 4069 Δωδωναῖα
1726 4023 2191 4064 commemorantur.

333 4103 377 4165 2)
411 4106 658 4168 Welcker,
716 4108 802 4159 Gr.
841 4109 1054 4160 Gotterl.
1090 4110 1119 4157 I
1159 4122 1288 4159 202:
1329 4127 1420 4169 „so
1458 4112 1574 4160 dass
1612 4111 1694 4159 bei
1731 4111 1952 4161 Strabon
1989 4108 2250 4184 Τόμαρος
2294 4110 2328 4180 ἢ
2369 4113 2593 4187 Τμάρος

264 4186 352 4259 ὕφ’
385 4183 423 4271 ᾧ
462 4204 639 4257 κεῖται
682 4200 748 4256 τὸ
792 4202 949 4276 ἱερόν
995 4204 1133 4254 nicht
1187 4222 1288 4255 von
1325 4207 1442 4255 dem
1479 4206 1525 4253 F
1528 4220 1641 4254 usse
1680 4206 1768 4254 des
1806 4207 1978 4270 BergS,
2017 4206 2250 4265 sondem,
2289 4207 2384 4256 mit
2421 4209 2592 4272 Bezug

261 4290 343 4336 auf
375 4292 483 4343 dem
519 4298 689 4364 Gipfel
724 4300 813 4347 des
851 4299 1078 4363 Gebirgs,
1118 4316 1236 4348 vom
1273 4300 1498 4363 Abhang
1532 4301 1830 4350 verstanden
1870 4301 2072 4352 werden
2105 4302 2293 4350 muSS.’‘

332 4389 377 4440 3)
411 4383 469 4431 G·
513 4386 757 4446 Welcker,
799 4390 883 4438 Gr.
925 4389 1137 4439 Gotterl.
1175 4390 1202 4437 Ι
1246 4402 1342 4451 199
1380 4392 1535 4439 Anm.
1583 4403 1624 4438 1.
