3144 5114
1577 458 1782 574 Ι66

562 712 813 789 Widio
840 711 892 813 1)
975 712 1204 788 firmis
1287 714 1738 812 argumentis
1824 716 2308 813 comprobata
2396 730 2522 790 est.
2620 716 2893 792 Ultimo

556 839 724 913 loco
782 840 854 913 in
912 838 1380 914 numerandis
1425 840 1792 915 Arcadiae
1830 841 2220 928 montibus,
2249 839 2320 914 in
2352 867 2666 937 quorum
2696 841 2896 915 verti-

558 963 767 1039 cibus
804 963 1127 1039 Artemis
1157 964 1623 1053 adorabatur‚
1652 967 2209 1050 memorandum
2240 980 2348 1040 est
2397 978 2467 1036 τὸ
2512 974 2896 1057 Ἀρτεμίσιον

555 1097 689 1180 ὅρος
770 1088 842 1163 in
926 1088 1249 1163 confinio
1330 1090 1701 1165 Arcadiae
1781 1105 2002 1187 atque
2082 1090 2462 1188 Argolidis
2549 1089 2764 1164 situm
2829 1085 2895 1187 2).

665 1215 888 1309 Quod
971 1215 1066 1288 ad
1143 1229 1420 1290 ceteras
1485 1216 1846 1290 Graeciae
1902 1216 2240 1313 regiones
2295 1214 2564 1301 attinet.
2619 1227 2898 1311 praeter

553 1339 952 1414 Arcadiam
1008 1340 1311 1438 Argolis
1356 1355 1428 1415 et
1467 1340 1836 1415 Laconica
1872 1339 2227 1438 imprimis
2265 1350 2577 1430 ’Ἄρτεμιν
2613 1339 2684 1411 in
2723 1338 2896 1411 locis

554 1464 1053 1562 superioribus
1089 1467 1555 1542 veneratione
1601 1480 2033 1564 prosecutae
2070 1491 2229 1539 esse
2265 1464 2620 1539 videntur.
2692 1479 2895 1557 Κορυ-

554 1601 708 1681 φαία
774 1592 1278 1689 appellabatur
1324 1602 1648 1685 ”Αρτεμις,
1695 1617 1885 1688 quae
1922 1592 1992 1663 in
2031 1615 2322 1665 summo
2364 1590 2712 1687 Corypho
2750 1588 2897 1663 sive

555 1715 993 1815 Coryphaeo
1050 1742 1282 1814 prope
1329 1715 1788 1813 Epidaurum
1828 1716 1969 1789 sito
2007 1716 2385 1789 colebatur
2410 1706 2497 1814 3);
2537 1740 2726 1810 quae
2763 1716 2897 1787 dea

555 1842 832 1940 optime
888 1867 1054 1915 cum
1106 1847 1438 1933 ’Ἀρτέμιδι
1485 1849 1776 1936 Ἀκραίᾳ,
1821 1866 2011 1937 quae
2039 1840 2237 1938 apud
2264 1839 2589 1936 Argivos
2629 1863 2894 1937 magno

554 1968 625 2040 in
709 1968 990 2040 honore
1072 1979 1227 2039 erat
1278 1963 1349 2064 ¹⁸),
1432 1991 1671 2061 neque
1754 1965 1994 2039 minus
2085 1978 2254 2061 apte
2346 1989 2514 2037 cum
2581 1970 2896 2057 Ἀρτέμιδι

555 2099 923 2185 Δερρεάτιδι,
987 2091 1058 2163 in
1114 2093 1451 2188 Taygeto
1526 2090 1721 2164 culta
1747 2087 1819 2189 ε’),
1874 2089 2355 2187 componitur.
2429 2089 2632 2162 Idem
2690 2088 2897 2173 enim,

555 2216 757 2312 quod
789 2216 883 2289 de
911 2214 1361 2314 etymologia
1399 2221 1813 2297 Ἀπόλλωνος
1842 2224 2253 2308 Δειραδιώτου
2273 2208 2896 2309 observavimus⁶)‚

555 2342 649 2414 de
708 2349 1040 2434 ’Ἀρτέμιδι
1111 2347 1460 2433 Αερρεάτιδι
1523 2340 1783 2425 valere,
1838 2341 1958 2412 vix
2014 2338 2446 2413 dubitationi
2502 2337 2895 2411 obnoxium

555 2480 680 2539 est.
736 2468 1121 2540 Praeterea
1158 2465 1299 2538 dea
1344 2471 1672 2557 ὀρίπλανος
1719 2465 1788 2536 in
1848 2465 2172 2538 Phocide
2228 2489 2485 2561 rupem
2529 2463 2892 2560 quandam

553 2606 1021 2689 praeruptam
1050 2590 1188 2664 sibi
1218 2603 1717 2663 consecratam
1748 2590 2068 2664 habebat
2094 2588 2162 2689 ⁷).
2193 2590 2434 2663 Etiam
2474 2589 2896 2685 Magnesiae

554 2717 1158 2812 promontorium,
1214 2716 1330 2788 cui
1379 2740 1647 2788 nomen
1688 2729 1841 2789 erat
1884 2724 2107 2787 Τισαία
2131 2724 2306 2808 ἄκρα,
2344 2714 2581 2788 eidem
2625 2713 2894 2786 numini

555 2854 709 2914 erat
763 2841 1082 2914 dicatum
1139 2835 1209 2937 ²³).

664 2965 892 3039 Hisce
974 2964 1323 3063 exemplis
1408 2964 1552 3037 iam
1609 2964 1783 3037 satis
1839 2989 2208 3060 superque
2264 2962 2669 3038 ostendisse
2726 2961 2894 3035 mihi

553 3090 829 3177 videor,
859 3090 1072 3163 deam
1102 3088 1567 3175 venatricem,
1597 3114 1788 3184 quae
1815 3088 2048 3162 beluis
2069 3088 2519 3163 silvestribus
2537 3086 2895 3163 sectandis

552 3240 685 3310 per
756 3215 921 3288 loca
974 3214 1296 3288 saltuosa
1352 3215 1851 3301 delectaretur,
1906 3213 1978 3286 in
2036 3213 2410 3288 montibus
2458 3212 2896 3310 praesertim,

632 3376 680 3438 1)
718 3375 772 3424 S.
813 3375 982 3432 Wide,
1022 3374 1148 3424 Lak.
1187 3374 1333 3423 Kult.
1373 3390 1459 3439 pp.
1506 3385 1599 3438 115
1641 3390 1718 3438 sq.

626 3465 675 3523 2)
712 3463 982 3527 Complura
1029 3480 1228 3528 quoque
1265 3464 1606 3528 promontoria
1642 3461 1949 3536 Ἀρτέμιδι
1987 3478 2137 3522 sacra,
2176 3464 2239 3512 ab
2271 3480 2330 3512 ea
2373 3465 2727 3536 Ἀρτεμίσια
2758 3469 2891 3512 erant

552 3559 887 3607 denominata.
943 3558 1026 3607 Sic
1082 3560 1131 3606 in
1168 3559 1405 3608 Euboeae
1442 3559 1785 3623 promontorio
1823 3559 2096 3607 Artemisio
2137 3560 2424 3633 ’Ἄρτεμις
2468 3558 2739 3633 ῃροσηῷα
2776 3557 2891 3606 cele·

551 3654 798 3702 brabatur.
836 3653 916 3702 Cf.
955 3653 1148 3703 Herod.
1182 3653 1290 3701 VII
1318 3663 1409 3716 175
1434 3669 1508 3717 sq.
1546 3654 1683 3702 VIII
1724 3653 1770 3703 8.
1809 3652 2066 3704 Plutarch.
2104 3653 2286 3705 Them.
2314 3654 2361 3705 8.
2384 3656 2519 3719 Nep.
2542 3654 2727 3706 Them.
2748 3654 2825 3702 III
2844 3664 2890 3715 3.

552 3743 707 3792 Diod.
742 3743 844 3791 Sic.
880 3742 968 3789 XI
1012 3755 1090 3790 12.
1128 3743 1238 3790 Nec
1274 3757 1376 3789 non
1413 3743 1465 3789 in
1503 3742 1677 3791 Cariae
1714 3745 2057 3806 promontorio
2095 3744 2314 3807 quodam
2340 3744 2620 3793 Artemisio
2659 3743 2891 3808 ternplum

551 3831 771 3880 habebat
809 3832 919 3881 dea.
960 3831 1040 3879 Cf.
1078 3831 1241 3880 Strab.
1281 3831 1420 3879 XIV
1461 3830 1582 3894 651.

623 3923 673 3983 3)
712 3920 790 3968 Cf.
824 3921 983 3968 PauS.
1022 3920 1076 3966 II
1117 3918 1253 3978 28,2.
1290 3918 1465 3983 Steph.
1506 3920 1629 3983 Byz.
1668 3935 1707 3969 S.
1750 3936 1797 3972 v,
1839 3924 2185 3993 Κορυφαῖον.

622 4015 678 4077 4)
716 4014 798 4064 Cf.
835 4014 1060 4078 Hesych.
1100 4030 1139 4063 s.
1179 4031 1226 4064 v.
1264 4015 1492 4088 Ἀκρία.

623 4111 672 4173 5)
710 4109 786 4157 Cf.
828 4111 978 4158 Faus.
1017 4110 1100 4157 ΙΙΙ
1140 4120 1255 4170 20‚7
1296 4110 1473 4175 Steph.
1511 4111 1635 4174 Byz.
1675 4127 1716 4161 S.
1753 4129 1801 4162 v.
1843 4105 2060 4185 Δέρρα.
2101 4111 2323 4178 Hesych.
2358 4129 2465 4164 S.V.
2495 4111 2889 4185 Καλειβοίδια.

624 4202 674 4266 6)
712 4204 792 4254 Cf.
830 4220 944 4269 pag.
984 4204 1069 4268 64.
1433 4204 1485 4272 7)
1524 4207 1674 4255 Paus.
1716 4207 1773 4254 X
1812 4217 1952 4269 37,1.

625 4293 675 4354 8)
713 4293 795 4341 Cf.
833 4293 1005 4358 Apoll.
1062 4293 1237 4343 Rhod.
1275 4294 1302 4341 I
1358 4292 1458 4358 568
1520 4311 1629 4358 sqq.
1668 4312 1709 4344 c.
1749 4295 1905 4344 schol.
2004 4297 2120 4346 val.
2159 4298 2203 4344 F
2206 4297 2328 4346 lace.
2367 4300 2490 4361 Arg.
2529 4299 2586 4346 II
2617 4309 2665 4360 7.
2740 4297 2891 4363 Orph.

556 4383 753 4443 Argon.
794 4395 913 4445 450.
951 4383 1063 4431 Liv.
1104 4384 1421 4432 XXXVIII
1462 4396 1510 4445 7.
1562 4386 1787 4448 Appian.
1823 4384 1997 4435 Mithr.
2037 4397 2124 4449 35.
