3144 5114
1532 463 1632 548 96

402 669 580 767 (Cat.
628 668 863 766 Jans.),
916 670 1383 743 statuendum
1441 685 1551 745 est
1604 672 1748 745 hoc
1801 671 2095 768 signum
2136 697 2182 745 a
2227 672 2517 747 Graeco
2557 696 2743 767 quo-

407 794 579 868 dam
633 794 910 869 artifice
963 810 1168 889 sexto
1223 797 1519 870 saeculo
1577 823 1637 870 a.
1694 797 1859 871 Chr.
1914 822 1979 868 n.
2036 796 2450 870 confectum
2512 823 2700 872 esse.

1504 1013 1657 1084 VII.

517 1187 763 1261 Minus
820 1203 1014 1262 recte
1071 1189 1207 1262 Ed.
1266 1192 1523 1287 Meyer
1580 1190 1868 1285 (Gesch.
1925 1191 1992 1264 d.
2038 1191 2343 1264 Alterth.
2375 1193 2439 1263 II
2469 1218 2536 1288 p.
2580 1192 2758 1291 139)

270 1306 274 1311 ’
400 1308 710 1385 'anulum
812 1339 1114 1388 aureum
1217 1341 1261 1387 a
1360 1315 1876 1389 Schliemanno
1979 1316 2312 1413 Mycenis
2395 1316 2755 1393 effossum
2835 1404 2840 1411 ,

410 1438 793 1534 (Schliem.‚
877 1440 1076 1537 Myk.
1159 1439 1281 1537 fig.
1373 1440 1565 1538 530),
1640 1442 1735 1513 ad
1811 1441 2225 1536 exemplum
2311 1441 2756 1515 Chetiticum

410 1577 745 1637 exactum
821 1590 979 1638 esse
1051 1564 1437 1661 perhibuit,
1493 1591 1733 1660 neque
1789 1566 1854 1639 ei
1911 1565 2454 1640 assentiendum
2511 1580 2621 1640 est
2679 1567 2756 1639 in

411 1688 553 1760 hoc
619 1688 837 1761 anulo
911 1689 1133 1762 deum
1200 1690 1568 1784 quendam
1646 1690 1717 1763 in
1796 1705 2043 1763 monte
2097 1704 2407 1764 stantem
2465 1717 2758 1787 expres-

411 1838 574 1887 sum
633 1838 808 1887 esse.

1487 1978 1677 2049 VIII.

515 2135 641 2208 Ad
680 2135 1023 2210 Crassum
1062 2161 1208 2209 non
1248 2163 1440 2211 anno
1486 2159 1603 2229 72,
1641 2153 1721 2212 ut
1756 2139 1891 2212 Th.
1921 2141 2339 2214 Mommsen
2377 2140 2761 2215 contendit

411 2263 653 2357 (Rom.
692 2262 955 2335 Gesch.
994 2263 1093 2334 III
1130 2289 1199 2358 p.
1232 2263 1376 2362 89),
1412 2266 1544 2337 sed
1584 2263 1786 2337 initio
1825 2266 2125 2338 demum
2164 2264 2332 2338 anni
2369 2287 2454 2357 71
2496 2280 2760 2340 contra

410 2387 846 2482 Spartacum
904 2386 1072 2461 belli
1130 2387 1517 2484 imperium
1576 2390 1899 2463 delatum
1957 2404 2084 2464 est.

1522 2606 1645 2677 IX.

514 2789 913 2866 Clisthenes
969 2790 1335 2865 curiarum
1393 2818 1780 2867 numerum
1840 2819 1986 2867 non
2043 2793 2259 2868 auxit.

1532 3009 1622 3079 X.

514 3166 743 3240 Haud
800 3179 994 3242 recte
1047 3167 1274 3265 vulgo
1330 3167 1794 3242 contenditur
1850 3168 2132 3241 Polluci
2179 3168 2274 3242 de
2310 3179 2647 3261 >2÷2⁰017ss57⁷7
2675 3183 2761 3254 εἰς

402 3305 546 3375 τοὺς
590 3300 940 3385 φράτορας”
984 3292 1230 3390 agenti
1272 3292 1485 3387 (VIII,
1530 3294 1698 3392 ro7)
1739 3318 1885 3366 non
1927 3293 2237 3367 multum
2278 3293 2756 3366 tribuendum

401 3443 561 3492 esse
616 3417 1062 3492 auctoritatis
1074 3444 1089 3504 ;
1146 3417 1376 3490 immo
1434 3417 1608 3491 nihil
1665 3444 1754 3492 ex
1809 3418 1912 3505 iis,
1967 3444 2161 3514 quae
2217 3421 2312 3491 de
2368 3417 2486 3491 illa
2533 3417 2757 3491 intro-

399 3543 745 3616 ductione
782 3545 1025 3638 deque
1066 3543 1527 3617 caerimoniis
1557 3546 1654 3617 ad
1683 3569 1846 3617 earn
1877 3543 2406 3640 pertinentibus
2432 3542 2758 3630 tradidit,

398 3682 726 3742 veterum
784 3667 1223 3764 scriptorum
1280 3668 1497 3743 huius
1554 3669 1657 3742 rei
1712 3668 2144 3743 testimoniis
2203 3668 2571 3742 refutatur.

1510 3885 1635 3956 XI.

502 4052 770 4126 Iniuria
828 4052 1115 4128 Gilbert
1180 4053 1504 4150 (Handb.
1570 4055 1639 4125 d.
1706 4052 1994 4127 Griech.
2052 4053 2577 4127 Staatsalterth.
2619 4056 2757 4150 Ip.

420 4203 455 4249 2
478 4203 503 4250 1
524 4178 594 4276 3)
633 4179 728 4250 ad
759 4179 1220 4251 decretorum
1252 4178 1498 4252 curiae
1530 4177 2223 4251 Demotionidarum
2262 4203 2555 4253 versum
2603 4204 2628 4251 1
2660 4205 2683 4251 1
2705 4187 2754 4253 6

403 4302 800 4376 annotavit:
858 4324 945 4398 τῷ
994 4314 1219 4400 πρώτῳ
1268 4303 1365 4403 (in
1421 4306 1553 4377 der
1611 4305 2052 4400 Bedeutung
2087 4329 2233 4376 von
2275 4303 2571 4403 προτέρῳ)
2614 4310 2758 4377 ἔτει.
