3144 5114
1668 518 1762 588 32

543 700 1118 787 Demaenetum'
1164 711 1630 788 Parrhasium
1715 712 1787 785 in
1851 711 2233 800 sacrificio,
2297 711 2500 808 quod
2555 696 2896 786 Arcades

543 839 697 912 Iovi
793 841 1088 937 Lycaeo
1179 839 1502 913 humana
1594 838 2002 912 etiamtu
2025 864 2098 911 m
2181 837 2422 911 hostia
2505 836 2895 924 faciebant,

542 964 895 1038 immolati
925 964 1133 1061 pueri
1162 976 1328 1038 exta
1354 965 1849 1061 degustasse.»
1886 965 2097 1056 Quae
2124 965 2350 1037 verba
2395 975 2697 1036 auctore
2732 963 2894 1036 viro

538 1091 761 1163 docto
792 1091 875 1163 E.
906 1092 1164 1188 Meyer
1189 1087 1242 1189 1)
1296 1089 1401 1163 sic
1429 1090 1973 1186 interpretanda
2003 1114 2163 1163 esse
2191 1113 2476 1175 censeO,
2503 1088 2896 1186 Agriopae

540 1229 873 1313 tempore
945 1240 1092 1288 non
1157 1214 1470 1312 amplius
1526 1215 1598 1287 in
1656 1240 1794 1289 usu
1851 1214 2074 1289 fuisse
2127 1212 2488 1289 sacrificia
2548 1214 2896 1301 humana,

540 1367 730 1437 quae
786 1340 1219 1414 Demaeneti
1277 1354 1513 1414 aetate
1578 1339 2078 1413 etiamtum
2153 1339 2443 1413 fiebant.
2500 1340 2651 1413 Sed
2706 1338 2895 1412 haec

542 1467 686 1540 iam
743 1466 916 1540 satis
971 1467 1066 1539 de
1119 1465 1430 1540 victimis
1478 1479 1579 1538 Λιὶ
1625 1476 1886 1561 Λυκαίῳ
1931 1465 2342 1539 immolatis.

644 1592 894 1679 Aliud,
975 1592 1178 1687 quod
1255 1590 1525 1689 Lycaei
1582 1591 1820 1664 cultus
1891 1591 2212 1664 habebat
2267 1602 2676 1664 memoratu
2734 1588 2898 1686 dig-

543 1717 942 1804 nissimum,
1013 1717 1157 1790 hoc
1231 1731 1356 1791 est.
1432 1718 1512 1788 In
1591 1729 1840 1789 monte
1877 1768 1882 1773 ·
1915 1718 2210 1813 Lycaeo
2274 1715 2482 1790 locus
2537 1728 2691 1788 erat
2747 1716 2896 1789 deo

543 1853 1030 1928 consecratus,
1085 1841 1212 1914 ubi
1267 1841 1533 1914 intrare
1588 1840 1793 1915 nefas
1850 1854 2021 1928 erat,
2076 1841 2204 1937 qui
2247 1841 2455 1914 locus
2491 1841 2635 1913 hoc
2674 1866 2898 1937 pecu-

540 1967 716 2040 liare
770 1967 1043 2053 habere
1099 1968 1511 2063 putabatur,
1568 1967 1791 2062 quod,
1848 1966 2299 2062 quicumque
2336 1965 2522 2039 intra
2558 1964 2716 2038 eius
2747 1991 2898 2039 arn-

538 2092 774 2165 bitum
830 2117 910 2166 se
965 2091 1399 2178 immisisset,
1454 2092 1727 2165 nullam
1785 2091 2087 2164 omnino
2144 2093 2482 2164 umbram
2535 2091 2898 2165 redderet.

653 2221 740 2280 Τὸ
772 2215 834 2278 δὲ
868 2217 1001 2300 ὄρος
1041 2216 1367 2301 παρέχεται
1409 2221 1479 2280 τὸ
1512 2219 1799 2280 Λύκαιον
1831 2221 1931 2279 καὶ
1975 2214 2140 2279 ἄλλα
2168 2218 2224 2289 ἔς
2248 2225 2469 2297 θαῦμα
2492 2220 2594 2279 καὶ
2615 2214 2897 2297 μάλιστα

545 2324 699 2388 τόδε.
767 2325 1025 2407 Τέμενος
1087 2328 1251 2389 ἔστιν
1314 2327 1377 2390 ἓν
1437 2329 1611 2413 αὐτῷ
1674 2328 1960 2389 Λυκαίου
2008 2328 2169 2404 Διός,
2214 2323 2417 2399 ’ἔσοδος
2464 2324 2525 2388 δὲ
2572 2328 2684 2389 οὐκ
2730 2323 2899 2390 ἔστιν

544 2437 602 2508 ἒς
689 2438 842 2497 αὐτὸ
914 2437 1287 2518 ἀνθρώποις·
1360 2433 1731 2519 ὑπεριδόντα
1800 2433 1862 2497 δὲ
1932 2448 2045 2499 τοῦ
2130 2436 2317 2516 νόμου
2396 2439 2494 2498 καὶ
2556 2433 2899 2499 ἐσελθόντα

546 2546 785 2628 ἀνάγκη
855 2557 1030 2609 πᾶσα
1099 2547 1292 2609 αὐτὸν
1359 2546 1646 2610 ἐνιαυτοῦ
1716 2546 1924 2628 πρόσω
1993 2550 2075 2629 μὴ
2136 2548 2370 2631 βιῶναι·
2435 2549 2534 2607 καὶ
2595 2543 2744 2608 τάδε
2808 2542 2897 2608 ’ἔτι

544 2652 797 2733 ἐλέγετο,
845 2659 926 2717 τὰ
973 2657 1143 2728 ἐντὸς
1189 2668 1302 2718 τοῦ
1351 2655 1632 2736 τεμένους
1678 2656 1969 2735 γενόμενα
2017 2658 2234 2735 ὁμοίως
2283 2657 2499 2719 πάντα
2547 2659 2649 2718 καὶ
2701 2657 2899 2739 θηρία

545 2767 646 2826 καὶ
693 2766 1068 2847 ἀνθρώπους
1114 2767 1187 2827 οὐ
1236 2764 1609 2848 παρέχεσθαι
1657 2766 1848 2828 σκιάν·
1872 2759 1942 2847 ²).

653 2874 806 2946 Iam
888 2874 1063 2947 satis
1145 2874 1240 2947 de
1314 2873 1774 2947 caerimoniis
1851 2876 2218 2970 rebusque
2274 2873 2899 2962 memorabilibus

545 3024 736 3094 quae
791 3000 885 3071 ad
943 2999 1219 3072 cultum
1277 2999 1350 3071 in
1408 3013 1657 3073 monte
1715 3001 2009 3097 Lycaeo
2067 3000 2443 3097 pertinent,
2496 2999 2723 3073 locuti
2781 3027 2900 3075 su-

546 3149 729 3197 mus.
786 3123 1186 3198 Videamus
1219 3149 1463 3222 nunc,
1518 3125 1699 3219 quid
1755 3125 1850 3198 de
1907 3125 2190 3221 origine
2245 3125 2435 3199 illius
2489 3125 2730 3199 cultus
2770 3128 2901 3199 ob-

544 3250 985 3322 servandum
1042 3249 1150 3323 sit.
1179 3248 1529 3323 Permulti
1558 3275 1734 3323 sane
1763 3250 1897 3323 viri
1926 3250 2125 3323 docti
2153 3246 2205 3350 3)
2234 3251 2328 3324 de
2355 3250 2902 3348 significatione

624 3421 668 3481 1)
705 3419 784 3467 Cf.
822 3420 887 3468 E.
924 3419 1118 3482 Meyer.
1155 3418 1362 3466 Forsch.
1403 3435 1445 3466 z.
1486 3418 1571 3466 alt.
1611 3418 1790 3468 Gesch.
1830 3418 1858 3466 1
1898 3429 1960 3482 53
2002 3421 2158 3466 Anm.
2208 3432 2249 3469 1.

620 3510 668 3570 2)
701 3510 852 3557 PauS.
892 3508 1028 3556 VIII
1066 3505 1204 3570 38,6.
1242 3508 1325 3555 De
1362 3509 1534 3557 ceteris
1571 3514 1794 3556 veterum
1834 3508 2150 3567 testimoniiS,
2189 3523 2317 3572 quae
2352 3508 2451 3557 huc
2484 3510 2754 3572 pertinent,
2780 3509 2901 3558 vide

545 3598 803 3646 Immerw.
840 3597 915 3645 K.
953 3614 1005 3646 u.
1044 3598 1120 3644 M.
1160 3596 1289 3648 Ark.
1331 3607 1484 3659 7-9,

617 3688 667 3750 3)
705 3687 785 3735 Cf.
823 3687 882 3736 C.
908 3686 971 3735 O.
999 3686 1176 3734 Muell.
1214 3687 1341 3736 Dor.
1362 3687 1389 3734 Ι
1411 3697 1509 3750 305
1533 3702 1610 3750 sq.
1634 3687 1823 3744 Kruse,
1861 3686 2039 3735 HeUas
2060 3687 2085 3733 I
2106 3696 2229 3750 457.
2250 3686 2472 3747 Lobeck‚
2494 3687 2748 3752 Aglaoph.
2771 3687 2899 3751 895.

539 3776 588 3840 J.
628 3777 689 3823 F.
727 3777 909 3835 Lauer,
958 3775 1091 3840 Syst.
1143 3776 1192 3823 d.
1244 3792 1314 3839 gr.
1352 3776 1519 3840 Myth.
1580 3776 1677 3824 180
1726 3792 1835 3840 sqq.
1892 3777 1966 3828 K.
2011 3775 2303 3835 Schwenck,
2344 3776 2515 3839 Myth.
2554 3777 2604 3825 d.
2644 3777 2730 3826 Gr.
2779 3788 2901 3838 177.

545 3867 608 3913 E.
656 3865 897 3924 Gerhard,
938 3866 1023 3915 Gr.
1063 3863 1230 3929 Myth.
1270 3865 1297 3912 I
1333 3864 1362 3930 ξ
1407 3876 1521 3928 195.
1561 3866 1627 3914 O.
1658 3865 1811 3930 Jahn,
1851 3867 1964 3913 Ber.
2004 3866 2056 3915 d.
2093 3865 2265 3916 Sachs.
2304 3866 2422 3916 Ges.
2459 3866 2511 3918 d.
2549 3867 2711 3916 Wiss.
2759 3866 2897 3931 1847

546 3970 633 4019 pp.
680 3967 779 4017 423
832 3970 942 4018 sqq.
1000 3955 1071 4004 H.
1121 3954 1191 4003 D.
1242 3953 1470 4012 Mueller,
1509 3955 1681 4003 Ueber
1717 3955 1815 4003 den
1853 3957 1981 4004 Zeus
2017 3954 2149 4019 Lyk.
2187 3957 2363 4018 Progr.
2402 3956 2627 4020 Gotting.
2673 3955 2804 4019 1851
2850 3965 2903 4006 et

547 4043 714 4108 Myth.
752 4045 801 4091 d.
842 4044 929 4093 Gr.
968 4044 1042 4092 St.
1080 4043 1136 4091 11
1174 4043 1235 4091 81
1280 4059 1388 4108 sqq.
1428 4044 1490 4093 F.
1530 4044 1593 4093 G.
1621 4043 1878 4103 Welcker,
1907 4045 1994 4094 Gr.
2017 4045 2274 4096 Gotterl.1
2297 4057 2400 4093 210
2418 4060 2532 4109 sqq.
2568 4044 2900 4103 Mannhardss

547 4133 727 4181 Wald-
765 4150 814 4183 ιι.
852 4132 1032 4181 Feldk.
1071 4133 1125 4180 II
1164 4132 1266 4195 336
1306 4148 1416 4196 sqq.
1452 4133 1750 4182 Robertson
1785 4132 1966 4191 Smith‚
2005 4133 2211 4198 Encycl.
2248 4135 2373 4183 Brit.
2407 4133 2528 4183 Vol.
2548 4135 2696 4183 XXI
2714 4149 2764 4199 p.
2797 4135 2901 4198 136

547 4239 588 4271 s.
626 4239 675 4272 v.
712 4221 945 4271 sacrifice.
984 4223 1075 4270 W.
1115 4221 1456 4281 Immerwahr,
1495 4223 1569 4271 K.
1608 4239 1658 4275 u.
1690 4239 1758 4271 m.
1780 4222 1907 4271 Ark.
1928 4236 2113 4287 1—-24.
2135 4223 2562 4284 Preller-Robert‚
2584 4224 2671 4273 Gr.
2691 4222 2903 4287 Myth.⁴

549 4312 576 4359 Ι
620 4322 713 4372 127
754 4327 832 4375 sq.
871 4312 936 4364 E.
972 4312 1163 4376 Meyer,
1203 4311 1410 4361 Forsch.
1450 4329 1494 4363 z.
1532 4329 1578 4361 a.
1617 4310 1799 4361 Gesch.
1839 4312 1866 4359 I
1906 4311 2134 4376 53—66.
2171 4314 2232 4361 L.
2270 4314 2343 4361 R.
2380 4313 2597 4371 Famell,
2637 4311 2721 4361 the
2766 4312 2903 4362 cults

547 4402 608 4452 of
637 4401 721 4451 the
759 4401 846 4450 Gr.
884 4401 958 4451 St.
996 4402 1121 4465 141
1166 4417 1241 4465 sq.
1279 4402 1351 4449 H.
1390 4402 1604 4461 Usener,
1643 4402 2002 4451 Gotternamen
2046 4402 2340 4465 199—216.

3121 1328 3122 1367 ᾼᾼ
3111 960 3123 1259 -—„„—-—-
3115 918 3122 927 .,
3113 844 3122 855 μ
