3144 5114
1517 517 1616 604 69

381 725 836 800 narrationes
863 727 1072 801 fictas
1100 752 1259 801 esse
1288 727 1383 800 ab
1412 726 1516 814 iis,
1545 726 1672 822 qui
1691 726 2055 823 explicare
2074 739 2529 813 conarentur,
2549 752 2740 822 quae

379 851 528 927 sibi
586 850 762 948 ipsis
815 853 1032 948 plane
1088 852 1160 924 in
1189 852 1508 926 tenebris
1536 852 1874 939 iacerent,
1901 851 2023 925 vix
2052 877 2498 947 quemquam
2530 851 2737 950 fugit.

489 976 976 1075 Praecipuum
1071 976 1486 1076 Dictynnae
1578 977 1933 1074 templum
2032 975 2103 1049 in
2198 977 2456 1050 Cretae
2549 966 2736 1051 urbe

382 1102 724 1199 Cydonia
786 1116 957 1189 erat,
1012 1102 1220 1176 cuius
1275 1103 1526 1199 templi
1586 1116 1921 1176 auctores
1979 1100 2209 1175 Samii
2266 1100 2738 1176 nominaban-

380 1241 503 1300 tur
556 1241 738 1302 teste
796 1228 1206 1315 Herodot0‚
1288 1229 1488 1324 apud
1545 1253 1766 1323 quem
1823 1227 2006 1301 haec
2062 1226 2378 1325 legimus
2436 1229 2536 1298 III
2604 1250 2735 1323 59:

380 1355 564 1414 αὐτοὶ
634 1351 695 1415 δὲ
766 1353 849 1437 (οἱ
917 1353 1170 1436 Σαμίοι)
1241 1352 1576 1435 Κυδωνίην
1648 1357 1759 1435 τὴν
1829 1354 1892 1415 ἐν
1963 1354 2179 1435 Κρήτῃ
2225 1348 2486 1415 ’ἔκτισαν’
2527 1399 2541 1413 .
2581 1399 2594 1413 .
2631 1400 2644 1414 .
2680 1400 2732 1413 ..

376 1459 622 1542 ἔμειναν
682 1460 738 1523 δ’
803 1463 866 1525 ἓν
928 1464 1127 1546 ταύτῃ
1190 1467 1288 1525 καὶ
1352 1460 1799 1545 εὐδαιμόνησαν
1875 1460 1975 1523 ἐπ’
2017 1457 2156 1522 ἔτεα
2203 1460 2401 1524 πέντε·
2453 1458 2606 1524 ὥστε
2655 1463 2736 1522 τὰ

379 1574 481 1654 ἱρὰ
545 1574 624 1633 τὰ
685 1572 748 1634 ἓν
809 1570 1101 1655 Κυδωνίῃ
1159 1572 1339 1635 ἐόντα
1405 1585 1518 1636 νῦν
1579 1568 1733 1635 οἷτοί
1795 1573 1901 1633 εἶσι
1961 1573 2016 1633 οἱ
2064 1571 2426 1653 ποιήσαντες
2473 1574 2573 1632 καὶ
2628 1574 2737 1634 τὸν

379 1693 491 1764 τῆς
562 1683 904 1764 Δικτύννης
977 1683 1139 1763 νηόν.
1210 1676 1368 1767 ἕκτῳ
1439 1680 1501 1743 δὲ
1565 1679 1685 1743 ἔτεϊ
1748 1681 2086 1762 Αἰγινῆται
2150 1683 2378 1752 αὐτοὺς
2433 1681 2736 1763 ναυμαχίῃ

378 1799 737 1881 νικήσαντες
789 1797 1319 1881 ἠνδραποδίσαντο
1367 1801 1522 1879 μετὰ
1566 1804 1850 1880 Κρητῶν.
1914 1789 2084 1883 Quo
2144 1788 2511 1862 Herodoti
2566 1788 2733 1861 lOCO

380 1914 586 1988 nisus
608 1915 685 1988 C.
707 1915 795 1989 O.
819 1915 1128 1988 Mueller
1147 1912 1198 2013 1>
1229 1913 1705 2011 probabiliter
1733 1913 2045 1987 coniecit
2072 1915 2267 2001 deas,
2289 1940 2478 2010 quae
2497 1928 2735 2010 poste-

378 2039 699 2112 rioribus
755 2039 1210 2135 temporibus
1265 2039 1464 2112 haud
1504 2064 1669 2111 raro
1701 2039 1884 2111 inter
1911 2065 2071 2112 sese
2100 2038 2449 2112 confusae
2478 2052 2734 2125 essent,

379 2164 831 2261 Dictynnam
894 2164 1388 2236 Britomartim
1445 2163 1832 2259 Aphaeam
1890 2163 2080 2249 dico,
2109 2162 2504 2258 antiquitus
2533 2161 2733 2235 nullo

379 2289 612 2361 modo
697 2288 1125 2362 coniunctas
1208 2288 1448 2362 fuisse.
1532 2288 2006 2384 Singularum
2091 2288 2283 2361 enim
2359 2286 2730 2360 civitatum

380 2413 589 2487 Sami
682 2412 1019 2510 Aeginae
1110 2412 1368 2487 Cretae
1459 2413 1858 2509 singularia
1958 2438 2046 2486 ea
2128 2412 2351 2485 fuisse
2434 2411 2734 2485 numina

371 2537 702 2636 genuina
754 2539 1079 2635 putabat,
1135 2564 1324 2633 quae
1380 2550 1637 2635 postea
1692 2538 1991 2612 demum
2041 2537 2113 2611 in
2152 2536 2730 2636 Cydoniatorum

373 2663 607 2738 sacris
689 2663 760 2735 in
844 2689 1070 2736 unum
1156 2663 1611 2737 coaluissent.
1698 2663 1928 2737 Hisce
2002 2663 2244 2737 verbis
2300 2662 2730 2736 sententiam

372 2787 747 2885 expedivit
803 2788 1145 2861 Mueller:
1210 2788 1667 2886 «Cydoniam
1727 2789 2097 2885 appulisse
2133 2788 2408 2862 scimus
2439 2788 2732 2862 Samios

373 2927 451 2986 et
506 2913 695 2987 sicut
749 2913 857 2987 fas
915 2927 1023 2987 est
1079 2913 1512 3011 Dictynnae,
1569 2915 1753 2987 deae
1808 2940 2002 3000 suae,
2058 2913 2414 3010 templum
2456 2912 2733 3010 magni-

374 3037 603 3111 ficum
688 3037 1157 3112 exstruxisse:
1245 3038 1536 3112 Samios
1621 3053 2020 3135 exegerunt
2082 3038 2511 3135 Aeginetae,
2568 3063 2732 3110 ean-

376 3164 719 3259 demque,
802 3189 1025 3259 quam
1113 3162 1341 3237 Samii
1428 3163 1896 3261 Dictynnam,
1952 3163 2250 3236 nomine
2306 3176 2378 3235 et
2433 3161 2731 3235 numine

374 3288 521 3361 sibi
604 3288 926 3385 propriO,
1010 3287 1347 3361 dixerunt
1427 3288 1852 3384 Aphaeam:
1937 3288 2281 3386 Cydones
2356 3300 2600 3361 autem
2659 3300 2731 3361 et

378 3413 450 3485 in
518 3412 677 3508 ipsa
731 3415 913 3485 urbe
970 3426 1041 3485 et
1095 3413 1672 3509 circumquaque
1727 3412 2137 3486 habitantes
2195 3411 2728 3485 Britomartim:

378 3538 481 3610 ita
561 3537 753 3609 enim
836 3551 1112 3633 gentes,
1197 3562 1501 3631 quoquo
1588 3539 2027 3623 devenirent,
2109 3563 2244 3610 sua
2315 3551 2731 3634 agnoscunt

377 3661 679 3735 numina
733 3663 983 3758 patria.
1040 3663 1287 3755 Quare
1342 3663 1683 3757 equidem
1745 3662 2237 3735 Britomartim
2295 3663 2511 3735 deam
2570 3688 2729 3735 esse

376 3786 712 3860 existimo
813 3811 1069 3883 reapse
1162 3788 1581 3861 Cretensem
1676 3801 1748 3860 et
1840 3786 2288 3885 Dictynnam
2383 3786 2727 3873 Samiam,

372 3910 915 4006 Aphaeamque
1007 3911 1258 4006 utique
1348 3912 1826 4010 Aeginaeam,
1909 3938 2148 4007 neque
2231 3937 2354 3985 eas
2438 3911 2571 3985 nisi
2655 3911 2726 3983 in

374 4034 605 4110 sacris
687 4035 1263 4134 Cydoniatorum
1349 4062 1606 4110 omnes
1689 4036 2110 4110 coaluisse.»
2180 4036 2414 4109 Addit
2480 4050 2724 4110 autem

374 4157 724 4256 egregius
807 4160 922 4233 ille
1002 4161 1218 4235 haec:
1312 4186 1491 4234 «nec
1575 4175 1818 4235 tamen
1903 4162 2213 4258 posteris
2269 4162 2724 4258 temporibus

462 4382 507 4442 1)
547 4382 605 4430 C.
645 4383 710 4433 O.
750 4383 944 4443 Muell.‚
984 4384 1264 4447 Aeginetic.
1305 4383 1395 4433 lib.
1434 4400 1518 4448 pp.
1565 4384 1857 4447 163—170.
