3144 5114
1626 503 1661 554 2

472 696 785 785 daretur,
860 722 1007 770 non
1083 696 1218 771 nisi
1293 697 1556 794 raptim
1635 711 1707 771 et
1778 723 2041 795 pamm
2099 711 2456 784 accurate,
2511 711 2591 771 ut
2657 696 2819 795 ipse

469 836 726 896 auctor
781 822 1187 910 confitetur,
1222 819 1274 923 1)
1333 848 1521 920 opus
1557 801 1932 919 'perficere
1988 824 2242 920 potuit.

576 951 819 1021 Paene
874 947 1099 1045 igitur
1154 948 1423 1022 intacta
1478 949 1721 1022 adhuc
1751 948 1938 1022 iacet
1982 950 2164 1023 haec
2206 948 2526 1036 materia,
2554 945 2605 1049 ²)
2636 974 2819 1044 quo-

470 1073 665 1147 circa
745 1099 962 1147 nemo
1049 1073 1446 1161 mirabitur,
1528 1073 1590 1148 si
1664 1100 1887 1170 quam
1953 1088 2214 1171 potero
2271 1073 2819 1148 accuratissime

470 1224 633 1272 eam
690 1200 1144 1272 tractandam
1201 1198 1618 1296 suscipiam.
1674 1201 1819 1272 Pro
1877 1213 2082 1295 parte
2138 1199 2330 1273 enim
2379 1198 2563 1272 virili
2594 1224 2819 1296 agere

470 1324 810 1399 constitui
867 1325 962 1397 de
1017 1325 1215 1397 cultu
1272 1325 1584 1398 deorum
1642 1324 1712 1397 in
1769 1324 1949 1398 locis
1978 1324 2190 1398 editis
2220 1326 2421 1421 apud
2451 1326 2781 1399 Graecos
2802 1350 2819 1409 ;

471 1451 567 1522 ad
649 1450 854 1546 quod
926 1463 1442 1547 argumentum
1500 1450 2027 1537 illustrandum,
2083 1463 2164 1523 ut
2217 1450 2527 1523 aliorum
2585 1475 2822 1546 popu-

473 1575 733 1661 lorum,
814 1574 914 1647 ita
994 1575 1422 1672 praesertim
1510 1577 2019 1648 Romanorum
2080 1576 2319 1649 cultus
2376 1574 2614 1648 obiter
2666 1588 2826 1647 tan-

471 1699 698 1797 gendi
754 1713 982 1773 erunt.

579 1826 730 1899 Sed
794 1827 888 1899 de
943 1825 1066 1899 tali
1124 1839 1560 1923 argumento
1619 1850 1838 1899 nemo
1896 1825 2029 1899 rite
2085 1851 2307 1923 agere
2363 1839 2605 1922 potest
2661 1824 2822 1912 nisi,

471 1950 899 2047 priusquam
976 1976 1165 2047 opus
1238 1952 1733 2049 aggrediatur,
1806 1951 2016 2024 anxie
2086 1976 2338 2025 secum
2396 1952 2825 2048 perpendat,

473 2101 868 2172 quemnam
951 2076 1090 2151 sibi
1182 2090 1753 2173 praeceptorem,
1836 2102 2055 2172 quem
2140 2090 2515 2150 auctorem
2599 2089 2826 2171 atque

475 2203 891 2298 exemplum
967 2201 1205 2299 eligat.
1277 2202 1516 2275 Variis
1591 2202 1783 2275 enim
1850 2216 1922 2275 et
1976 2203 2191 2299 plane
2246 2201 2549 2276 diversis
2606 2200 2823 2274 ratio*-

477 2327 693 2401 nibus
748 2327 882 2401 viri
939 2327 1138 2400 docti
1196 2352 1299 2414 ea,
1356 2353 1547 2423 quae
1602 2327 1995 2425 scriptores
2050 2341 2330 2401 veteres
2387 2328 2481 2400 de
2509 2328 2823 2400 deorum

475 2452 740 2526 fabulis
838 2452 1301 2548 cultibusque
1390 2452 1864 2540 tradiderunt,
1947 2453 2309 2550 explicare
2389 2453 2657 2538 solent;
2741 2466 2829 2525 ut

477 2579 791 2653 maxime
863 2580 1265 2653 verendum
1338 2578 1447 2665 sit,
1494 2579 1901 2653 iunioribus
1956 2579 2382 2676 praesertim
2440 2593 2660 2675 atque
2715 2578 2826 2665 iis,

476 2704 601 2800 qui
657 2704 728 2776 in
784 2703 986 2777 hisce
1039 2703 1299 2778 studiis
1355 2706 1684 2778 nondum
1741 2705 1915 2778 satis
1971 2705 2235 2779 versati
2293 2704 2452 2791 sint,
2482 2731 2574 2778 ne
2605 2703 2828 2801 copia

474 2829 991 2904 sententiarum
1051 2829 1292 2903 obruti
1350 2828 1616 2904 frustra
1670 2844 2039 2926 quaerant,
2096 2856 2246 2927 quo
2304 2832 2530 2904 modo
2561 2856 2650 2904 ex
2674 2830 2827 2902 hoc

366 3019 371 3024 .
478 2954 901 3052 opinionum
962 2954 1377 3053 labyrintho
1434 2957 1766 3029 evadant.

584 3080 737 3151 Iam
821 3078 995 3152 satis
1079 3079 1411 3153 obsoleta
1492 3078 1757 3170 nostris
1840 3079 2099 3153 diebus
2156 3092 2265 3153 est
2319 3079 2588 3176 opinio,
2645 3078 2827 3152 olim

478 3203 662 3277 inter
736 3205 1209 3302 mythologos
1293 3205 1996 3278 Forchhammerum
2054 3205 2453 3278 Prellerum
2512 3204 2831 3278 Gerhar-

476 3329 655 3401 dum
737 3329 1205 3402 Welckerum
1291 3330 1470 3404 alios
1553 3330 2004 3427 pervulgata,
2088 3329 2270 3403 coeli
2366 3329 2831 3418 mutationeS,

480 3467 722 3527 motus
776 3455 1165 3542 stellarum,
1220 3454 1393 3528 solis
1450 3480 1758 3528 occasus
1805 3468 2025 3550 atque
2055 3469 2275 3542 ortus,
2304 3467 2829 3551 tempestatum

478 3604 564 3652 ac
618 3592 1036 3676 temporum
1102 3579 1503 3668 varietateS,
1560 3579 1808 3653 omnia
1863 3579 2198 3675 denique,
2254 3606 2444 3675 quae
2499 3579 2571 3652 in
2610 3580 2831 3654 coelo

477 3703 678 3790 fiunt,
758 3717 1085 3777 veterum
1169 3704 1451 3779 animos
1534 3704 1961 3802 perduxisse
2044 3705 2150 3777 ad·
2195 3704 2585 3802 fingendos
2641 3704 2834 3780 deos

558 4093 605 4162 1)
645 4096 715 4143 R.
754 4097 896 4154 Beer,
937 4095 1073 4144 Heil.
1114 4095 1256 4143 Hoh.
1296 4097 1461 4144 Praef.
1499 4112 1549 4161 p.
1590 4097 1743 4145 VIII.

554 4188 601 4246 2)
636 4187 792 4233 Anno
835 4195 967 4249 1754
1005 4185 1152 4233 Halis
1188 4185 1442 4234 Saxonum
1479 4185 1666 4250 prodiit
1701 4184 1895 4233 libellus
1933 4185 1996 4234 G.
2036 4188 2105 4232 A.
2146 4184 2423 4244 Zachariae,
2469 4184 2565 4248 „de
2583 4200 2727 4235 more
2745 4204 2839 4238 ve·

478 4281 636 4322 terum
671 4275 724 4322 in
759 4274 879 4323 locis
915 4274 1062 4324 editis
1082 4274 1279 4324 colendi
1296 4275 1498 4333 deum'',
1520 4275 1658 4324 cuius
1680 4282 1847 4323 tamen
1866 4275 2031 4338 operis
2065 4274 2360 4338 inspiciendi
2386 4273 2583 4339 copiam
2599 4278 2842 4329 nancisci

479 4379 580 4411 non
615 4366 771 4428 potui.
