3144 5114
1704 537 1802 605 44

578 727 982 822 ritibusque
1036 727 1514 800 daedalorum
1555 728 1791 800 docet.
1819 729 2113 821 Quanta
2145 752 2506 802 annorum
2538 728 2901 802 intervalla

584 852 769 925 inter
837 853 1295 950 singulorum
1371 852 1722 926 festorum
1799 836 2324 927 celebrationes
2380 854 2913 939 intercesserint,

583 976 800 1049 huius
865 977 967 1050 rei
1041 1003 1302 1074 parum
1363 992 1780 1051 accuratam
1837 978 2168 1050 notitiam
2228 978 2605 1052 habemus.
2663 981 2913 1052 Pausa·
3013 972 3017 976 Α

584 1101 740 1175 nias
856 1116 1118 1188 narrat,
1202 1102 1668 1198 interpretem
1774 1103 2286 1197 antiquitatum
2391 1103 2910 1177 Plataeensium

582 1226 849 1300 dixisse
902 1227 1060 1313 sibi,
1116 1228 1425 1300 daedala
1481 1227 1766 1301 minora
1818 1227 1940 1325 agi
1996 1227 2310 1323 septimo
2364 1253 2666 1323 quoque
2694 1254 2913 1319 anno;

584 1351 787 1423 addit
867 1364 1111 1424 tamen
1193 1350 1332 1424 sibi
1415 1351 1552 1448 ipsi
1634 1351 1779 1424 hoc
1862 1351 2213 1448 temporis
2303 1350 2620 1448 spatium
2714 1353 2913 1426 nimis

580 1476 884 1573 longum
942 1475 1191 1562 videri,
1244 1476 1411 1549 licet
1466 1475 1737 1549 iustum
1795 1500 2152 1548 annorum
2192 1501 2577 1549 numerum
2608 1476 2915 1550 indicare

585 1614 920 1695 nequeat.
977 1602 1316 1674 Daedala
1372 1600 1654 1674 maiora
1710 1601 2169 1698 sexagesimo
2200 1626 2499 1697 quoque
2529 1627 2720 1675 anno
2748 1603 2913 1676 cele-

581 1725 998 1811 brabantur,
1053 1726 1279 1821 idque
1331 1725 1519 1798 hanc
1578 1727 1677 1798 ob
1734 1751 1886 1798 rem
1944 1725 2100 1799 fieri
2154 1727 2455 1812 solebat,
2509 1740 2691 1800 teste
2745 1730 2913 1800 Pau-

579 1850 801 1935 sania,
882 1850 1056 1945 quia
1136 1876 1269 1946 per
1347 1850 1726 1946 sexaginta
1798 1876 2028 1924 annos
2083 1851 2464 1924 sollemnia
2518 1851 2914 1927 intermissa

581 1975 900 2061 fuissent,
981 1974 1103 2048 illo
1185 1989 1534 2071 tempore,
1617 2002 1766 2070 quo
1851 1976 2311 2050 Plataeenses
2385 1976 2586 2050 urbis
2642 1978 2914 2050 exsules

581 2100 899 2174 fuissent.
973 2101 1187 2174 Falso
1261 2115 1504 2174 tamen
1577 2100 1760 2174 haec
1833 2101 2201 2198 perhibuit
2241 2113 2272 2174 ὁ
2320 2114 2710 2196 περιηγητήςς
2753 2126 2911 2175 nam

582 2251 659 2298 re
738 2251 919 2298 vera
993 2250 1396 2320 numquam
1481 2225 1753 2300 diutius
1836 2252 2059 2321 quam
2135 2228 2624 2326 quadraginta
2695 2251 2913 2300 unum

580 2376 810 2424 annos
884 2351 1342 2424 Plataeenses
1416 2350 1652 2446 patria
1715 2365 2037 2425 extorres
2093 2351 2386 2425 fuerunt
2421 2350 2490 2453 1).
2574 2352 2914 2426 Videmus

578 2473 798 2573 igitur
826 2500 1185 2549 annorum
1216 2502 1579 2564 numeros,
1599 2477 1866 2573 quibus
1897 2478 2208 2550 daedala
2236 2477 2521 2551 minora
2548 2492 2621 2552 et
2650 2477 2916 2550 maiora

579 2603 1002 2697 agebantur,
1085 2602 1324 2676 minus
1405 2617 1744 2676 accurate
1816 2629 1861 2676 a
1941 2604 2304 2676 Pausania
2375 2604 2678 2678 traditos
2747 2628 2916 2677 esse.

579 2729 874 2799 Praeter
929 2727 1105 2801 illud
1161 2741 1405 2800 autem
1460 2729 1600 2800 hac
1657 2729 1751 2801 de
1805 2754 1883 2801 re
1939 2729 2215 2801 nullum
2274 2728 2470 2802 aliud
2527 2742 2754 2803 exstat
2786 2741 2916 2801 tes-

575 2851 959 2924 timonium
1016 2866 1243 2925 vetus.
1305 2853 1503 2945 Quid
1564 2853 1828 2925 mirum
1888 2853 2126 2950 igitur,
2182 2855 2387 2949 quod
2443 2854 2578 2928 viri
2622 2853 2816 2927 docti
2846 2852 2912 2925 in

579 2976 1135 3072 interpretandis
1188 2977 1390 3051 hisce
1444 2992 1862 3073 temporum
1904 2978 2305 3052 rationibus
2342 2979 2580 3053 varias
2621 2976 2915 3075 ingressi

578 3115 747 3175 sunt
801 3100 1002 3175 vias?
1060 3102 1265 3174 Nihil
1319 3117 1583 3188 tamen,
1641 3127 1806 3175 mea
1859 3102 2159 3197 quidem
2216 3104 2588 3191 sententia,
2617 3100 2916 3177 assecuti

575 3229 759 3312 sunt,
816 3240 1325 3322 praeterquam
1384 3227 1589 3322 quod
1645 3228 1837 3300 clare
1894 3228 2369 3301 ostenderunt
2423 3228 2705 3302 irritum
2760 3252 2911 3301 esse

579 3352 1102 3426 recentioribus
1193 3353 1706 3450 interpretibus
1800 3378 1924 3426 eas
2016 3378 2130 3426 res
2214 3353 2575 3448 explicare
2657 3351 2914 3437 conari,

578 3501 890 3571 quarum
974 3477 1157 3549 ratio
1238 3492 1558 3552 veterem
1643 3476 2075 3573 scriptorem
2160 3478 2400 3574 ipsum
2458 3464 2745 3576 fugerit.
2799 3479 2914 3550 Ne

581 3602 936 3674 Muellero
984 3601 1283 3696 quidem
1338 3602 1690 3677 successit
1745 3628 2102 3675 annorum
2160 3628 2505 3677 numeros
2561 3630 2606 3677 a
2660 3607 2915 3678 Pausa-

578 3726 698 3799 nia
727 3740 1171 3800 memoratos
1208 3727 1571 3823 probabili
1603 3728 1829 3800 modo
1861 3727 2330 3824 interpretari.
2387 3730 2705 3803 Putabat
2732 3725 2912 3802 enim

578 3851 650 3923 in
734 3852 1060 3925 daedalis
1145 3852 1546 3925 minoribus
1631 3853 2144 3950 computandis
2201 3853 2511 3928 rusticos
2577 3852 2914 3928 Boeotios

579 3976 933 4049 rationem
1017 3976 1360 4050 habuisse
1415 4003 1775 4050 annorum
1834 3979 1928 4051 ad
1984 4004 2279 4052 cursum
2335 3979 2552 4053 lunae
2608 3976 2913 4073 descrip-

658 4201 701 4260 1)
741 4198 818 4248 Cf.
858 4199 917 4250 C.
955 4200 1020 4250 O.
1057 4200 1282 4258 Mueller,
1324 4200 1565 4249 Orchom.
1611 4202 1714 4252 u.d.
1741 4202 1871 4251 Min.
1899 4204 1921 4236 2
1944 4201 2068 4250 216:
2108 4203 2240 4260 „Die
2260 4203 2457 4251 Plataer
2479 4219 2645 4253 waren
2664 4203 2751 4251 das
2770 4206 2911 4248 erste-

580 4288 697 4345 mal,
752 4304 851 4336 van
905 4288 987 4337 Ol.
1026 4287 1140 4346 88‚1
1183 4289 1260 4337 bis
1299 4290 1417 4350 98,2
1456 4307 1548 4340 nur
1585 4292 1665 4339 ein
1702 4291 1806 4339 und
1843 4291 2040 4354 vierzig,
2080 4292 2168 4340 das
2207 4292 2474 4349 andremal,
2516 4309 2613 4341 van
2658 4304 2802 4353 101‚4
2838 4289 2913 4336 bis

588 4391 605 4425 1
628 4390 738 4440 10‚3
779 4377 888 4425 fsmf
927 4378 1029 4425 und
1068 4377 1278 4441 dreissig
1308 4378 1461 4444 Jahre
1499 4379 1633 4429 ohne
1673 4381 1951 4430 Vaterland
1986 4397 2234 4445 gewesen.
