3144 5114
1441 536 1485 604 9

287 727 526 827 patrio
584 727 725 801 ritu
779 753 988 802 sacra
1042 728 1313 802 Albani
1351 728 1690 814 facerent,
1726 753 1917 823 quae
1943 728 2141 801 velut
2169 726 2307 801 diis
2337 753 2636 823 quoque

286 853 504 926 simul
533 878 705 926 cum
733 853 968 949 patria
996 854 1259 928 relictis
1279 853 1628 927 oblivioni
1649 854 2063 927 dederant.»
2087 848 2139 951 1)
2176 855 2250 926 A
2270 852 2635 950 Dionysio

291 978 919 1052 Halicarnassensi
955 977 1007 1077 2>
1080 973 1497 1065 edocemur,
1570 979 1839 1074 quibus
1904 977 2364 1052 caerimoniis
2426 1003 2637 1052 sacra

286 1103 405 1178 illa
478 1102 860 1177 sollemnia
933 1103 1322 1200 quotannis
1394 1130 1439 1179 a
1509 1103 1729 1179 sociis
1785 1104 2101 1179 foederis
2162 1103 2399 1178 Latini
2455 1104 2635 1177 cele-

286 1228 483 1303 brari
540 1228 734 1303 soliti
787 1228 947 1303 sint.

394 1357 476 1427 In
533 1353 863 1428 eiusdem
922 1355 1190 1429 montis
1246 1355 1628 1429 cacumine
1665 1351 1716 1452 3)
1772 1354 2121 1451 triumphi
2169 1356 2263 1428 de
2298 1355 2634 1429 hostibus

287 1479 594 1577 devictis
666 1481 1094 1577 agebantur,
1158 1507 1349 1578 quae
1422 1482 1879 1555 consuetudo
1948 1480 2165 1554 etiam
2222 1460 2635 1577 posteriori-

284 1608 426 1681 bus
471 1606 931 1703 temporibus
974 1608 1374 1694 tenebatur,
1418 1606 1479 1681 si
1518 1607 1636 1681 cui
1667 1607 1947 1681 consuli
1967 1606 2418 1703 triumphum
2449 1605 2636 1679 intra

288 1735 579 1807 Romae
644 1732 936 1806 moenia
990 1741 1237 1831 agere
1265 1747 1558 1807 senatus
1616 1734 2030 1839 denegaret.
2066 1727 2117 1832 ⁴)

394 1861 783 1932 Praeterea
818 1857 889 1930 in
929 1857 1519 1954 inscriptionibus
1575 1858 1937 1932 nonnullis
1966 1872 2636 1932 commemorantur

289 1986 338 2056 I.
393 1985 484 2058 O.
542 1985 644 2056 Μ.
698 1984 1131 2080 Apenninus
1166 1981 1218 2083 5)
1302 1998 1374 2058 et
1429 1986 1479 2056 Ι.
1535 1985 1626 2058 Ο.
1682 1986 1782 2057 M.
1839 1984 2207 2058 Poeninus
2244 1980 2314 2084 6),
2362 2010 2510 2081 qua
2556 2010 2634 2057 re

287 2108 761 2208 perspicuum
864 2123 973 2183 est
1066 2110 1315 2183 Iovem
1392 2110 1658 2184 horum
1736 2110 2094 2183 montium
2173 2111 2394 2184 deum
2451 2123 2631 2184 tute-

226 2224 231 2230 ’
287 2236 513 2311 larem
573 2234 816 2310 fuisse.
1793 2241 1797 2246 ’

395 2362 738 2435 Fortasse
785 2360 1115 2435 omnium
1166 2360 1523 2434 montium
1563 2386 1860 2458 praeses
1885 2361 2297 2434 habebatur
2326 2360 2632 2456 Iupiter;

289 2486 713 2564 Culminalis
749 2484 800 2587 ⁷)
908 2486 1101 2561 enim
1211 2486 1364 2561 sive
1471 2485 1906 2562 Culminaris
1942 2483 1994 2587 ⁸)
2078 2512 2630 2585 nonnumquam

288 2615 849 2711 nuncupabatur
914 2614 1097 2688 deus
1170 2613 1440 2686 nullam
1517 2614 1732 2686 aliam
1809 2615 1908 2687 ob
1964 2621 2281 2699 causam,
2335 2613 2396 2686 si
2454 2613 2632 2709 quid

287 2740 523 2825 vide0,
580 2738 716 2813 n'isi
755 2739 959 2835 quod
990 2738 1348 2811 montium
1380 2738 1701 2812 culmina
1725 2738 2055 2812 habitare
2085 2737 2632 2812 existimaretur.

395 2867 610 2939 Haec
691 2878 877 2950 sunt,
959 2889 1151 2961 quae
1232 2864 1327 2936 de
1398 2863 1615 2937 variis
1691 2863 1883 2937 Iovis
1956 2863 2270 2936 cultibus
2325 2862 2397 2935 in
2452 2862 2632 2935 locis

178 3063 185 3069 .
289 2990 499 3065 editis
554 2989 854 3088 cognita
933 2989 1330 3076 habemus;
1386 2990 1480 3063 de
1535 2988 1805 3086 quibus
1859 2990 2001 3064 hoc
2057 2989 2222 3062 loco
2280 2988 2355 3060 id
2402 3013 2629 3061 unum

290 3130 567 3190 tantum
672 3116 1139 3189 observatum
1242 3115 1479 3202 velim,
1582 3114 1933 3189 maiorem
2035 3140 2291 3188 eorum
2347 3127 2630 3211 partem

288 3242 602 3340 priscam
661 3241 991 3315 redolere
1045 3254 1496 3314 vetustatem.

393 3367 621 3462 Quod
721 3366 818 3440 ad
919 3379 1202 3440 ceteros
1304 3364 1552 3440 Italiae
1652 3366 1834 3441 deos
1925 3364 2193 3452 attinet,
2275 3364 2632 3463 imprimis

362 3601 411 3664 1)
449 3601 560 3649 Liv.
599 3601 626 3647 Ι
664 3611 750 3663 31.
791 3599 869 3648 Cf.
906 3606 1158 3664 praeterea
1195 3599 1330 3664 apud
1365 3600 1580 3649 eundem
1619 3598 1712 3649 lib.
1750 3600 1898 3648 XXI
1935 3597 2019 3662 63,
2061 3599 2108 3647 8.

360 3691 408 3751 2)
446 3690 599 3738 Dion.
637 3688 759 3740 Hal.
798 3689 880 3736 IV
917 3701 1002 3750 49.
1041 3689 1123 3738 VI
1161 3700 1245 3753 95.

357 3781 409 3842 3)
460 3780 588 3828 Viae
643 3793 808 3827 sacrae
863 3778 928 3825 ad
965 3794 1217 3827 summum
1253 3787 1477 3827 montem
1516 3779 1743 3827 ducentis
1782 3779 1987 3841 vestigia
2024 3781 2306 3827 etiamnunc
2349 3787 2630 3843 supersunt.

288 3869 365 3917 De
401 3868 586 3932 quibus
622 3867 739 3915 vide
775 3868 857 3915 De
895 3868 1068 3926 Rossi,
1108 3871 1247 3917 Ann.
1286 3868 1403 3916 dell’
1443 3869 1568 3917 Inst.
1617 3868 1767 3931 1873,
1815 3866 1908 3929 163
1948 3884 2057 3932 sqq.
2098 3875 2147 3915 et
2187 3866 2333 3928 1876,
2377 3878 2475 3930 315
2517 3884 2628 3931 sqq.

357 3959 410 4021 4)
465 3958 547 4006 De
602 3964 823 4006 veterum
881 3957 1178 4005 testimoniis
1234 3959 1347 4006 vide
1402 3957 1713 4021 Marquardt,
1773 3958 2037 4006 Staatsvw.
2077 3958 2130 4004 II
2169 3968 2271 4020 570
2309 3973 2384 4020 sq.
2423 3958 2632 4021 Optimo

289 4047 389 4095 iure
437 4045 642 4103 Preller,
701 4046 861 4093 Rom.
917 4045 1112 4110 Myth.³
1166 4047 1192 4094 Ι
1250 4046 1350 4094 216
1404 4045 1586 4094 horum
1642 4045 2003 4111 triumphorum
2059 4046 2300 4110 originem
2354 4047 2419 4093 ad
2471 4047 2632 4110 prisca

289 4144 509 4200 tempora
545 4133 728 4192 retulit,
768 4149 882 4183 cum
920 4136 1093 4183 Roma
1128 4136 1351 4184 nondum
1399 4144 1549 4201 caput
1587 4137 1725 4200 regni
1766 4144 1870 4184 erat
1889 4144 1939 4184 et
1956 4152 2102 4184 mons
2121 4136 2350 4183 Albanus
2369 4136 2630 4200 praecipua

291 4230 395 4273 erat
429 4225 576 4273 sedes
611 4224 826 4272 foederis
863 4224 1049 4273 Latini.

360 4310 415 4380 5)
452 4314 667 4361 Heuzen
702 4311 890 4361 Inschr.
934 4312 1087 4376 5613.
1530 4313 1582 4376 6)
1621 4314 1678 4363 C.
1718 4315 1760 4363 Ι.
1798 4315 1859 4362 L.
1902 4324 1948 4377 5,
1989 4311 2126 4361 6866
2165 4329 2273 4377 sqq.

359 4403 411 4466 7)
451 4401 508 4451 C.
548 4403 592 4451 Ι.
630 4402 690 4450 L.
729 4414 778 4464 3,
817 4414 973 4465 403²·
1015 4401 1169 4466 5186.
1531 4402 1585 4466 8)
1626 4404 1682 4452 C.
1721 4403 1764 4453 I.
1803 4404 1862 4452 L.
1903 4415 1952 4468 3,
1994 4402 2149 4467 3328.
