3144 5114
1686 537 1780 615 5⁸0

555 735 915 810 honorem
992 734 1258 809 montis
1322 734 1546 808 divini
1620 734 1760 809 sibi
1835 751 2279 834 arrogarent,
2334 735 2405 810 in
2461 735 2613 811 suis
2669 737 2893 836 regio-

558 861 772 936 nibus
826 861 1006 936 situs
1062 886 1221 935 esse
1276 859 1798 935 affirmabatur.
1848 861 2132 935 Eadem
2164 861 2442 936 ratione
2471 863 2632 935 Indi
2660 863 2893 937 varios

561 1001 844 1061 montes
936 1012 1147 1061 sacro
1244 986 1540 1059 nomine
1641 988 1946 1060 «Metu»
2046 989 2412 1060 vocabant
2485 983 2552 1086 ¹),
2637 991 2894 1062 Persae

560 1127 882 1186 montem
967 1111 1311 1210 «Elborj»
1391 1111 1510 1184 hic
1587 1110 1727 1184 illic
1774 1114 2307 1186 venerabantur
2341 1110 2411 1211 2).
2496 1114 2703 1186 Facit
2754 1113 2892 1185 huc

559 1264 876 1338 quoque,
950 1238 1152 1331 quod
1225 1236 1506 1309 Theod.
1594 1238 1838 1334 Bergk
1873 1232 1924 1336 3)
2000 1239 2357 1324 observat,
2433 1238 2503 1310 in
2560 1238 2743 1312 Asia
2795 1251 2897 1311 tot

558 1366 780 1440 fuisse
865 1376 1167 1449 monteS,
1249 1362 1374 1456 qui
1458 1361 1762 1459 Olympi
1828 1362 2410 1450 nominabantur,
2465 1376 2546 1437 ut
2600 1364 2757 1437 veri
2810 1362 2896 1436 sit

558 1489 1004 1564 simillimum
1053 1513 1320 1560 nornen
1378 1486 1619 1584 ipsum
1668 1486 1767 1559 ibi
1799 1500 2050 1560 natum
2080 1513 2257 1562 esse.
2313 1490 2653 1562 Fortasse
2682 1488 2897 1584 igitur

560 1616 719 1712 ipsa
771 1614 987 1687 huius
1045 1612 1311 1685 montis
1349 1611 1575 1684 divini
1622 1611 2040 1685 informatio
2089 1613 2407 1710 pristinis
2444 1614 2895 1711 temporibus

560 1766 649 1813 ex
702 1738 883 1812 Asia
938 1738 1009 1810 in
1067 1737 1456 1811 Graeciam
1513 1736 1860 1811 translata
1913 1751 2038 1811 est.

670 1865 821 1939 Sed
878 1863 1020 1936 iam
1078 1863 1251 1936 satis
1308 1863 1401 1935 de
1452 1873 1551 1934 Διί
1597 1862 1669 1935 in
1725 1862 1906 1936 locis
1962 1861 2176 1936 editis
2224 1864 2440 1936 cult0.
2488 1865 2683 1937 Eum
2735 1863 2896 1935 inde

560 2016 604 2063 a
657 1988 914 2087 priscis
969 1987 1425 2083 temporibus
1479 1987 1718 2060 varias
1774 1989 1872 2060 ob
1929 2013 2187 2061 causas
2243 1987 2312 2060 in
2363 1988 2672 2061 summis
2703 2013 2896 2060 mon-

559 2114 753 2188 tibus
828 2113 1102 2207 ubique
1155 2112 1604 2185 venerationi
1671 2111 1911 2198 fuisse,
1986 2112 2488 2208 compluribus
2552 2112 2896 2209 exemplis

561 2237 1239 2311 demonstravimus.
1314 2238 1537 2309 Nunc
1612 2236 2010 2323 videamuS,
2065 2237 2245 2332 quid
2301 2239 2396 2310 de
2450 2238 2710 2311 ceteris
2765 2237 2898 2310 diis

562 2363 988 2457 deabusque
1044 2362 1585 2435 observandum
1641 2361 1750 2435 sit.
1809 2363 1930 2434 Ne
1987 2376 2231 2435 autem
2264 2362 2647 2458 abruptius
2677 2363 2747 2435 in
2778 2387 2895 2435 eas

562 2513 677 2562 res
706 2487 1273 2585 disputationem
1299 2512 1536 2561 meam
1560 2499 2001 2575 convertam,
2021 2514 2066 2562 a
2092 2496 2194 2556 Διί
2217 2488 2541 2562 transibo
2563 2487 2658 2562 ad
2679 2489 2889 2561 deum

563 2640 731 2687 cum
780 2613 923 2686 hoc
972 2613 1280 2686 deorum
1322 2627 1545 2708 patre,
1584 2625 1860 2702 natura,
1889 2627 1969 2686 ut
2005 2613 2311 2700 videtur,
2350 2613 2707 2688 artissime
2734 2639 2890 2687 con-

564 2739 907 2811 iunctum.
966 2739 1085 2810 De
1134 2746 1375 2827 Κρόνου
1422 2737 1616 2811 enim
1656 2738 2121 2812 veneratione
2159 2738 2231 2811 in
2274 2739 2647 2813 montibus
2683 2753 2889 2834 atque

563 2864 634 2935 in
692 2863 1018 2949 collibus,
1075 2864 1170 2935 ab
1227 2887 1316 2935 eo
1366 2863 1871 2951 denominatis,
1910 2889 2148 2960 pauca
2204 2865 2666 2939 observanda
2717 2874 2889 2938 sunt.

1220 3212 1345 3284 DE
1392 3221 1636 3302 Κρόνου
1684 3237 2248 3288 VENERATIONE.

670 3551 945 3625 Ordior
1025 3576 1069 3623 a
1151 3552 1815 3625 commemorandis
1900 3552 2243 3627 omnibus
2300 3567 2649 3642 veterum,
2714 3578 2890 3652 quae

561 3676 704 3749 huc
786 3689 1134 3771 spectant,
1216 3675 1663 3749 testimoniis.
1747 3677 2009 3750 Paucis
2093 3678 2439 3775 deinceps
2522 3704 2889 3777 exponam,

563 3801 740 3896 quid
797 3801 890 3873 de
944 3799 1159 3873 huius
1216 3801 1449 3874 cultus
1506 3801 1789 3898 origine
1825 3801 2151 3876 sentiam.
2199 3805 2279 3876 In
2309 3803 2578 3878 vertice
2622 3814 2892 3897 Κρονίου,

640 4036 682 4091 1)
721 4031 798 4079 Cf.
855 4031 1005 4082 Ferd.
1043 4048 1091 4080 v·
1128 4032 1291 4082 Andr.
1330 4031 1563 4081 Hohenc.
1614 4048 1665 4096 p.
1705 4031 1807 4095 36:
1856 4034 2010 4097 „Jede
2049 4035 2137 4083 der
2171 4050 2374 4098 grossen
2411 4036 2671 4085 indischen
2710 4033 2889 4096 Religi-

563 4136 693 4168 onen
731 4120 817 4169 hat
854 4119 960 4169 sich
997 4120 1137 4169 ihren
1182 4121 1479 4184 Gotterberg
1514 4122 1781 4170 construirt
1807 4123 1911 4170 und
1939 4123 2211 4172 denselben
2236 4140 2301 4173 an
2327 4123 2637 4175 zahlreiehen
2662 4123 2891 4174 irdischen

562 4209 754 4271 Bergen
791 4209 1067 4259 localisiert.

636 4297 689 4360 2)
729 4298 806 4346 Cf.
847 4299 930 4346 Fr.
970 4300 1183 4362 Spiegel,
1223 4299 1375 4349 Eran.
1411 4300 1632 4351 Alterth.
1671 4301 1697 4348 I
1742 4313 1832 4356 191
1877 4317 1950 4364 sq.
1993 4301 2093 4364 463
2135 4315 2208 4365 sq.

633 4387 689 4449 3)
726 4387 824 4436 Th.
862 4387 1042 4449 Bergk,
1074 4369 1250 4453 Jahrb.
1288 4389 1324 4434 f.
1364 4388 1432 4437 kl.
1471 4389 1603 4438 Phil.
1652 4389 1784 4437 1860
1822 4403 1919 4452 421
1975 4407 2084 4454 sqq.
