3144 5114
1727 483 1823 568 64

609 692 1046 778 Haliartum,
1102 690 1401 764 Boetiae
1456 691 1735 776 urbem,
1791 690 1861 762 in
1925 702 2190 774 monte,
2221 687 2642 761 cui'nomen
2673 691 2926 774 Τιλφού-

606 849 736 890 σιον
800 817 954 892 sive
1020 824 1402 907 Τιλφώσσιον
1462 830 1634 902 erat,
1706 814 2071 912 Apollinis
2146 814 2395 888 fanum
2452 813 2672 887 situm
2728 810 2929 884 fuisse

606 944 1022 1039 complures
1078 944 1347 1016 docent
1401 921 1795 1037 scriptores
1830 937 1899 1040 ¹).
2183 952 2194 961 “

714 1068 1079 1141 Laconiae
1161 1067 1443 1140 incolae
1514 1065 1934 1163 Apollinem
2011 1064 2420 1163 Pythaeum
2495 1063 2650 1136 sive
2720 1061 2928 1136 Thor-

605 1192 893 1265 nacium
951 1193 1023 1266 in
1081 1207 1328 1266 monte
1382 1192 1770 1265 Thornace
1825 1192 2359 1264 venerabantur
2393 1187 2463 1288 ²).
2520 1188 2665 1282 Qui
2694 1188 2930 1270 cultus,

601 1318 660 1392 si
743 1318 902 1391 viro
985 1320 1208 1392 docto
1294 1318 1763 1391 Immerwahr
1799 1313 1849 1416 ³)
1942 1318 2347 1402 credamuS,
2404 1342 2448 1388 a
2505 1313 2810 1411 Delphis
2863 1311 2928 1382 in

608 1444 1003 1517 Laconiam
1097 1442 1499 1541 penetravit
1589 1468 1721 1539 per
1818 1442 2255 1539 Argolidem
2343 1440 2737 1543 regionem,
2817 1435 2930 1509 ubi

600 1569 874 1664 Apollo
930 1569 1324 1666 praecipue
1380 1568 1451 1641 in
1508 1567 1690 1641 locis
1721 1567 2084 1641 montanis
2112 1566 2443 1639 habitare
2472 1565 2844 1637 dicebatur
2870 1558 2931 1658 ¹¹).

606 1693 803 1767 Hinc
853 1701 1259 1786 Δειραδιώτης
1303 1689 1354 1792 ⁵)
1411 1693 2024 1767 denominabatur
2076 1692 2353 1789 Apollo
2393 1691 2464 1763 in
2494 1689 2929 1786 Argivorum

605 1819 821 1903 urbe;
905 1844 1074 1891 nam
1159 1818 1280 1891 vix
1360 1818 1677 1891 dubitari
1760 1831 2018 1913 potest,
2102 1817 2275 1912 quin
2353 1815 2565 1912 origo
2642 1813 2930 1886 huiusce

606 1943 1068 2039 cognominis
1123 1943 1464 2017 ducenda
1517 1943 1610 2017 sit
1665 1970 1709 2016 a
1764 1968 1948 2016 voce
1994 1950 2173 2034 δειρή,
2220 1941 2428 2015 cuius
2458 1964 2759 2013 numero
2791 1937 2932 2034 plu-

604 2068 731 2141 rali
789 2094 1008 2165 saepe
1066 2069 1424 2142 montium
1482 2069 1660 2165 iuga
1714 2068 2174 2141 indicantur..
2242 2072 2247 2077 ’

710 2197 922 2267 Haec
1004 2208 1188 2281 sunt,
1268 2220 1457 2289 quae
1511 2194 1606 2266 de
1686 2193 2030 2290 Apolline
2085 2193 2156 2265 in
2213 2191 2395 2266 locis
2449 2187 2931 2286 superioribus

603 2320 798 2392 culto
856 2319 1156 2415 cognita
1208 2320 1593 2405 habemus;
1650 2344 1841 2391 nunc
1925 2319 2019 2391 de
2067 2325 2389 2410 Ἀρτέμιδι
2447 2340 2768 2414 agamus.

1201 2659 1325 2730 DE
1372 2665 1738 2749 Ἀρτέμιδος
1785 2680 2347 2729 VENERATIONE.

1669 2872 1882 2879 *-

707 2996 906 3069 Varii
981 3004 1346 3088 Ἀρτέμιδος
1420 2997 1655 3070 cultus
1730 2996 2108 3093 insigniter
2161 2996 2534 3069 declarant
2588 2994 2683 3080 id,
2736 2989 2923 3088 quod

600 3122 743 3195 iam
846 3120 1136 3217 saepius
1237 3121 1900 3208 animadvertimuS,
1993 3119 2493 3193 remotissimis
2584 3113 2924 3214 imprimis

600 3246 1055 3343 temporibus
1110 3246 1297 3319 inter
1351 3248 1679 3320 Graecos
1736 3271 2016 3319 morem
2076 3259 2449 3342 receptum
2509 3243 2732 3317 fuisse
2758 3242 2923 3314 deos

601 3371 671 3443 in
731 3371 1100 3444 montibus
1156 3371 1505 3467 clivisque
1561 3371 1868 3444 colendi.
1922 3370 2246 3444 Artemis
2301 3369 2493 3443 enim
2544 3366 2923 3463 antiquitus

601 3497 992 3594 praecipue
1075 3497 1268 3569 culta
1349 3522 1507 3570 esse
1579 3497 1869 3569 videtur
1923 3495 1996 3568 in
2052 3495 2233 3567 locis
2289 3494 2500 3567 editis
2554 3490 2923 3571 Arcadiae,

599 3623 671 3694 in
756 3649 843 3695 ea
925 3621 1146 3717 igitur
1229 3622 1545 3717 regione,
1640 3648 1829 3717 quae
1927 3645 2219 3717 semper
2301 3646 2344 3692 a
2436 3619 2634 3691 cultu
2721 3630 2922 3710 atque

599 3746 1047 3820 humanitate
1101 3746 1525 3843 longissime
1582 3746 1848 3833 abfuit;
1905 3772 2054 3841 quo
2112 3746 2384 3819 factum
2442 3758 2569 3830 est,
2624 3759 2705 3818 ut
2756 3741 2920 3814 ritus

674 3991 717 4052 1)
755 3989 832 4037 Cf.
871 3990 1023 4037 PauS.
1062 3988 1148 4035 IX
1186 3999 1327 4050 33‚1.
1367 3987 1530 4036 Strab.
1569 3988 1658 4035 IX
1696 4000 1815 4050 411.
1855 3986 2031 4051 Steph.
2072 3988 2195 4052 Byz.
2234 4003 2274 4037 S.
2310 4003 2358 4037 v,
2401 3987 2765 4055 Τὲλςιουσσα.

672 4090 719 4140 2)
757 4088 836 4136 Cf.
876 4086 1099 4151 Hesych.
1139 4101 1178 4135 S.
1219 4102 1265 4134 v.
1307 4084 1552 4159 Θόρναξ.

670 4186 719 4245 3)
757 4184 1022 4240 Immerw„
1063 4182 1137 4230 K.
1176 4198 1224 4230 u.
1262 4182 1338 4230 M.
1377 4185 1445 4230 A.
1492 4181 1607 4242 136,
1659 4181 1767 4243 138.

667 4273 724 4335 4)
764 4272 842 4320 Cf.
881 4288 924 4320 e.
962 4289 1009 4333 g.
1048 4287 1175 4334 quae
1212 4272 1487 4319 Pausanias
1525 4271 1580 4317 II
1621 4269 1740 4332 34,6
1779 4267 1842 4317 de
1879 4269 2119 4333 Apolline
2157 4270 2451 4319 Platanistio
2487 4284 2579 4317 nos
2618 4268 2774 4315 docet.

670 4363 720 4425 5)
759 4362 836 4410 cf.
875 4363 1023 4410 Paus.
1062 4362 1116 4408 11
1155 4373 1293 4423 24‚1.
